3384 5234
439 696 480 753 98
694 708 831 751 ruamus
847 706 1121 752 srunsannrausm
1255 691 1345 769 [mnf
1353 708 1388 751 u,

439 857 550 921 finiens
570 869 601 919 et
623 855 829 920 multifariam
851 857 1008 935 dividens,
1027 855 1068 919 ad
1085 856 1185 942 ipsius
1206 878 1320 921 arcana
1334 878 1389 919 na·

437 968 531 1033 turae,
541 959 656 1021 mentis
668 958 857 1022 transmittit
872 969 1035 1043 aspectum
1052 969 1087 1022 ut
1101 956 1181 1021 nihil
1196 956 1389 1021 naturalium

437 1060 529 1146 plene
544 1059 767 1124 absconditum
783 1060 822 1123 sit
839 1061 881 1123 ab
895 1060 996 1124 oculis
1012 1062 1091 1146 ejus.
1135 1063 1180 1125 Et
1196 1060 1299 1145 primo
1314 1060 1390 1124 sub·

437 1162 598 1240 stantiam,
620 1182 695 1246 quae
717 1162 866 1226 omnibus
889 1164 1009 1237 subest,
1032 1164 1158 1227 acutius
1178 1162 1335 1240 intuetur,
1356 1162 1390 1224 iu

438 1285 503 1348 qua
516 1285 628 1328 manus
643 1275 766 1327 naturae
785 1263 942 1347 probatur
962 1263 1102 1340 artificis,
1117 1263 1194 1327 dum
1210 1284 1278 1325 eam
1294 1261 1391 1324 variis

437 1363 700 1449 proprietatibus,
721 1377 752 1427 et
775 1363 886 1427 formis
908 1365 1001 1448 quasi
1023 1364 1088 1428 suis
1108 1363 1299 1449 quibusdam
1321 1385 1389 1425 ves-

439 1467 528 1530 tibus
542 1464 660 1543 induit,
673 1479 704 1529 et
720 1465 785 1529 suis
795 1486 945 1529 sensuum
958 1465 1217 1551 perceptibilibus
1231 1455 1392 1541 informat,

438 1591 504 1654 quo
513 1569 613 1653 possit
623 1568 729 1654 aptius
740 1568 881 1632 humano
891 1567 1017 1652 iugenio
1029 1566 1262 1654 comprehendi.
1295 1565 1388 1642 Quod

439 1670 536 1754 igitur
558 1692 667 1733 sensus
690 1671 838 1755 percipit,
855 1672 1028 1755 formisque
1050 1671 1226 1755 subjectum
1250 1679 1307 1749 est,
1329 1668 1391 1731 sin·

438 1770 555 1856 gularis
570 1784 602 1834 et
613 1772 715 1855 prima
724 1771 902 1835 substantia
913 1785 970 1835 est.
1018 1772 1055 1835 ld
1073 1794 1158 1847 vero,
1175 1772 1242 1835 sine
1258 1793 1322 1856 quo
1337 1769 1391 1831 illa

438 1894 495 1934 uec
517 1894 595 1949 esse,
616 1894 673 1935 nec
695 1870 828 1954 intelligi
855 1885 971 1956 potest,
993 1872 1022 1934 ei
1046 1872 1252 1936 substantiale
1275 1885 1334 1947 est,
1355 1885 1387 1933 et

437 1970 627 2054 plerumque
640 1970 776 2032 secunda
787 1969 964 2033 substantia
975 1970 1166 2032 nominatur.
1200 1969 1271 2032 Hoc
1283 1982 1388 2032 autem

439 2067 525 2153 quod
540 2069 629 2131 adest
649 2067 780 2151 quidem
805 2069 1002 2145 substantiae,
1017 2082 1049 2131 et
1068 2091 1106 2130 ea
1121 2083 1266 2132 manente
1282 2069 1391 2132 abesse

437 2181 554 2252 potest,
576 2167 792 2232 accidentibus
817 2179 1019 2251 aggregatur.
1067 2168 1233 2253 Singulare
1258 2169 1389 2253 quidem

438 2270 464 2332 si
488 2290 568 2331 unus
591 2279 714 2330 tanturn
736 2272 796 2330 sit:
823 2265 1008 2342 universale,
1030 2268 1068 2347 si,
1082 2268 1155 2331 licet
1176 2291 1238 2331 non
1262 2280 1387 2343 natura,

436 2368 657 2433 conformitate
679 2380 783 2431 tamen
807 2368 846 2431 sit
871 2390 1037 2431 commune
1062 2368 1247 2433 multorum.
1293 2372 1388 2447 Quod

436 2471 517 2535 forte
546 2470 671 2535 facilius
700 2469 731 2534 in
759 2468 933 2549 intellectu,
958 2494 1056 2555 quam
1082 2473 1114 2533 in
1141 2483 1256 2535 natura
1281 2495 1388 2536 rerum

435 2572 554 2657 poterit
569 2570 714 2648 inveniri,
729 2569 760 2632 in
776 2591 841 2653 quo
856 2591 973 2653 genera
987 2582 1020 2634 et
1036 2570 1167 2657 species,
1184 2572 1387 2650 differentias,

436 2671 575 2758 propria,
601 2683 632 2733 et
662 2669 846 2743 accidentia,
874 2691 947 2754 quae
978 2672 1197 2736 universaliter
1227 2672 1387 2750 dicuutur,

436 2771 569 2855 planum
583 2781 630 2831 est
646 2769 798 2846 invenire,
813 2789 916 2852 quum
927 2772 959 2831 in
970 2784 1043 2833 actu
1059 2793 1162 2834 rerum
1178 2772 1388 2835 substantiam

437 2869 664 2934 universalium
689 2890 832 2953 quaerere
858 2871 995 2952 exiguus
1018 2870 1143 2935 fructus
1166 2872 1218 2948 sit,
1241 2887 1271 2936 et
1299 2872 1388 2937 labor

436 2972 591 3048 infinitus,
598 2970 629 3034 in
637 2983 742 3034 mente
752 2993 828 3033 vero
841 2969 960 3035 utiliter
972 2984 1003 3036 et
1014 2972 1163 3037 facillime
1174 2977 1386 3059 reperiuntur.

439 3072 471 3136 Si
484 3075 566 3137 enim
580 3071 646 3135 solo
656 3094 764 3135 rerum
776 3094 908 3136 numero
919 3072 1135 3139 differentium
1148 3074 1385 3139 substantialem

436 3174 675 3240 similitudinem
696 3175 769 3260 quis
789 3187 895 3238 mente
915 3187 1099 3260 pertractet,
1122 3176 1256 3262 speciem
1281 3187 1385 3240 tenet:

436 3277 471 3340 Si
494 3300 566 3339 vero
586 3275 679 3339 etiam
702 3278 805 3360 specie
825 3275 1040 3339 differentium
1057 3278 1275 3342 convenientia
1290 3276 1387 3341 menti

434 3388 591 3449 occurrat,
622 3374 746 3457 generis
776 3373 914 3436 latitudo
940 3387 1045 3437 mente
1073 3375 1275 3441 diffunditur.
1321 3379 1386 3439 De·

436 3479 534 3559 nique
563 3474 641 3535 dum
672 3494 788 3543 rerum,
817 3496 897 3555 quas
922 3484 1037 3536 natura
1064 3475 1313 3540 substantialiter
1339 3476 1388 3539 vel

437 3570 673 3636 accidentaliter
693 3570 889 3649 assimilavit,
910 3573 1161 3637 conformitatem
1183 3580 1320 3660 percipit
1341 3578 1388 3639 iu-

437 3672 595 3747 tellectuS‚
640 3671 864 3735 universalium
903 3673 1179 3757 comprehensione
1216 3688 1384 3749 movetur;

437 3796 535 3861 quum
559 3796 633 3836 vero
656 3772 805 3836 similium
832 3772 1027 3837 differentias
1053 3774 1167 3857 agitat,
1187 3787 1308 3858 quanto
1330 3800 1385 3841 ex-

438 3875 588 3961 pressius,
601 3887 690 3938 tanto
705 3872 746 3937 ad
762 3896 859 3958 opera
873 3890 1009 3949 naturae,
1026 3897 1099 3959 quae
1115 3874 1287 3959 singularia
1302 3893 1386 3956 sunt,

436 3974 623 4040 familiarius
637 3973 771 4053 accedit,
786 3975 812 4036 si
833 3973 1044 4037 substantiam
1065 3975 1130 4037 suis
1152 3975 1297 4038 vestitam
1314 3997 1387 4062 pro-

436 4078 629 4165 prietatibus
642 4075 781 4161 inspicit,
797 4098 816 4138 a
831 4089 955 4138 naturae
970 4076 1149 4140 conditione
1165 4101 1226 4142 non
1243 4077 1384 4143 divertit.

437 4181 491 4246 Sin
506 4191 611 4243 autem
628 4178 770 4242 detracta
785 4177 898 4263 specie,
914 4199 982 4239 eam
999 4177 1091 4262 quasi
1106 4179 1280 4244 formarum
1296 4180 1384 4244 exuit

437 4279 636 4355 vestimento,
657 4300 786 4345 acumen
810 4276 938 4362 quidem
958 4299 1048 4341 suum
1072 4292 1208 4358 exercet,
1226 4293 1259 4344 et
1280 4301 1385 4344 rerum
