3384 5234
447 670 507 730 180
692 678 829 725 scaurus
844 676 1122 723 sanusnnnrrnsrs
1243 658 1325 737 [orn.
1343 674 1394 718 ιιι.

446 834 495 899 sui
517 834 646 909 oblitus,
668 852 838 914 personam
860 828 1012 911 exprimit
1034 828 1180 891 alienam.
1226 826 1293 890 Sed
1316 826 1395 887 sorte

445 955 484 997 eo
509 933 673 1016 Prophetae
696 931 799 993 tendit
821 928 997 1001 oraculum,
1014 936 1050 990 nt
1071 948 1126 990 eos
1149 947 1231 1010 quos
1252 925 1397 988 nondum

443 1042 527 1094 terra
551 1026 726 1104 absorbuit,
752 1028 869 1090 doceat
892 1026 1012 1109 jugiter
1039 1027 1183 1087 militare.
1229 1024 1312 1087 Nam
1342 1025 1398 1105 qui

443 1133 563 1213 captivi
582 1131 728 1193 vitiorum
747 1130 887 1211 impulsu
912 1127 1077 1189 trahuntur
1098 1126 1140 1188 ad
1160 1147 1300 1208 poenam,
1315 1126 1399 1187 sicut

445 1234 505 1294 bos
515 1230 729 1294 immolandus
741 1230 782 1292 ad
793 1228 965 1304 victimam,
977 1229 1128 1289 abeuntes
1138 1238 1212 1309 post
1227 1226 1396 1308 concupis-

447 1333 569 1397 centias
585 1353 669 1407 suas,
685 1332 743 1395 etsi
758 1350 892 1413 corpore
914 1327 1081 1390 videantur
1095 1329 1273 1390 inhabitare
1287 1348 1395 1410 super-

446 1432 551 1496 ficiem
567 1442 667 1510 terrae,
683 1431 747 1494 vivi
767 1442 873 1494 tamen
890 1429 1031 1512 absorpti
1051 1440 1135 1506 sunt,
1149 1438 1181 1491 et
1201 1427 1398 1492 descendunt

446 1534 480 1595 in
495 1534 652 1595 infernum
669 1534 818 1595 viventes.
847 1532 903 1606 Et,
915 1531 942 1591 si
957 1530 1055 1592 alium
1069 1529 1221 1591 orationis
1235 1529 1398 1612 sequimur

446 1645 585 1720 tropum,
598 1645 712 1697 terram
726 1652 956 1716 usquequaque
966 1630 1158 1703 inhabitant,
1174 1651 1307 1713 quorum
1322 1650 1399 1691 con·

449 1735 583 1797 versatio
604 1734 638 1796 iu
654 1735 744 1797 coelis
764 1742 813 1795 est
829 1728 971 1806 minime,
987 1753 1047 1794 nec
1069 1731 1132 1793 sibi
1151 1731 1257 1794 sciunt
1276 1729 1398 1813 aliquid

448 1836 482 1897 in
503 1836 586 1897 coelo
610 1856 691 1912 esso,
711 1846 743 1897 et
764 1834 798 1896 id
821 1832 978 1895 duntaxat
999 1834 1152 1896 affectant
1173 1832 1291 1907 auimo,
1313 1831 1400 1914 quod

450 1936 588 1998 cernitur
603 1956 697 2017 snper
711 1942 834 1995 terram.
870 1934 932 1996 His
946 1954 1074 2016 quoque
1090 1934 1204 1995 militia
1215 1932 1302 2015 jugis
1317 1930 1400 1994 indi·

449 2035 542 2110 citur,
557 2033 684 2114 quibuS,
697 2043 732 2094 ut
745 2031 786 2093 ad
801 2033 926 2094 tabulas
943 2033 1120 2109 redeamus
1135 2053 1194 2094 nec
1210 2032 1298 2094 unda
1312 2034 1399 2095 Tan·

448 2133 516 2208 tali,
530 2132 617 2213 Tyrii
638 2132 751 2206 vultur,
766 2140 835 2192 rota
857 2131 993 2208 Ixionis,
1007 2130 1157 2195 Belidum
1180 2154 1270 2211 urna,
1286 2154 1401 2196 saxum

450 2232 583 2314 Sisyphi
597 2230 697 2308 deest,
712 2231 789 2294 dum
805 2234 953 2295 voluutas
967 2234 1088 2297 mundo
1106 2236 1271 2316 implicita,
1286 2238 1401 2319 nequit

449 2334 581 2414 implere
593 2333 801 2415 propositum,
816 2332 968 2416 quamdiu
979 2335 1197 2416 peregrinatur
1212 2358 1231 2399 a
1246 2338 1398 2399 Domino.

450 2433 590 2494 Istorum
615 2430 680 2493 vita
701 2431 826 2509 militia,
847 2443 880 2495 et
901 2444 988 2495 certe
1010 2434 1131 2497 malitia
1153 2447 1209 2498 est.
1255 2437 1351 2508 Quod
1374 2440 1403 2499 si

447 2532 613 2608 abhorres,
643 2532 706 2593 alia
732 2532 994 2614 interpretatione
1024 2533 1202 2612 doceberis,
1231 2537 1309 2619 quia
1337 2538 1403 2599 vita

450 2630 588 2693 hominis
611 2640 833 2712 superterram
854 2633 987 2694 tentatio
1010 2644 1075 2695 ests
1106 2655 1188 2716 quae,
1211 2638 1239 2695 si
1260 2636 1404 2717 proprie-

449 2741 548 2795 tatem
558 2730 698 2792 nominis
708 2731 881 2813 sequimur,
890 2733 965 2794 mali
975 2733 1403 2816 frequentiushabetnotam.

452 2834 491 2894 In
506 2832 566 2894 hac
582 2832 692 2913 utique
708 2831 893 2908 tentatione,
906 2833 954 2894 vel
968 2833 1100 2910 matitia,
1113 2834 1188 2896 licet
1204 2834 1266 2896 sibi
1280 2845 1403 2918 septem

450 2933 552 2994 millia
560 2932 695 2993 virorum
705 2931 864 2993 Dominus
873 2933 1088 3008 reservaverit,
1097 2934 1161 2995 fere
1170 2945 1256 2997 totus
1266 2937 1404 3001 mundus

451 3054 494 3096 ex
508 3032 626 3094 Arbitri
640 3032 741 3094 nostri
752 3033 910 3096 sententia
923 3033 1056 3096 mimum
1071 3034 1196 3097 videtur
1209 3036 1350 3118 implere,
1361 3038 1403 3101 ad

452 3131 653 3196 Comoediam
676 3152 765 3194 suam
789 3131 1026 3214 quodammodo
1047 3134 1234 3217 respiciens,
1249 3145 1292 3208 et,
1315 3136 1403 3218 quod

452 3232 592 3296 deterius
614 3240 673 3305 est,
689 3250 727 3292 eo
741 3252 843 3313 usque
859 3231 1036 3294 Comoediae
1052 3254 1118 3295 suas
1139 3235 1303 3314 insistunt,
1318 3237 1401 3299 utin

452 3352 486 3395 se
502 3352 600 3413 quom
617 3352 700 3412 opus
714 3330 817 3408 suerit,
831 3331 934 3394 redire
948 3352 1013 3394 nou
1025 3334 1159 3416 possint.
1196 3336 1271 3398 Vidi
1287 3359 1403 3419 pueros

453 3441 517 3495 tam
528 3429 586 3492 diu
596 3431 840 3493 balbutientium
853 3431 931 3495 vitia
941 3432 1069 3510 imitari,
1080 3444 1115 3496 ut
1126 3437 1330 3517 postmodum
1340 3458 1402 3500 nec

453 3552 553 3612 quum
567 3531 696 3609 vellent,
707 3543 793 3594 recte
804 3531 895 3613 loqui
906 3534 1075 3614 potuerint.
1104 3537 1193 3599 Usus
1204 3538 1301 3610 enim,
1313 3549 1349 3601 ut
1360 3540 1405 3603 ait

453 3630 594 3712 quidam,
611 3652 694 3711 aegre
715 3631 901 3709 dediscitur,
915 3643 947 3696 et
963 3635 1162 3698 consuetudo
1179 3638 1270 3700 alteri
1284 3649 1403 3701 naturae

451 3730 581 3804 assistit,
597 3751 692 3811 qnam
708 3731 786 3793 licet

556 3833 682 3905 Expellas
692 3833 772 3900 finon,
784 3841 872 3888 tamen
883 3855 965 3906 usque
975 3844 1097 3904 recurret,

452 3930 548 3995 Unde
560 3941 592 3993 et
603 3930 739 3992 Ethicus
749 3932 883 4013 provide
894 3934 1024 4015 quidem
1035 3945 1067 3997 et
1076 3934 1209 3999 utiliter:
1230 3937 1403 4019 Optimam,

451 4032 566 4112 inquit,
581 4030 709 4093 vivendi
724 4033 987 4095 consuetudinem
1004 4036 1044 4097 ab
1059 4035 1189 4098 ineunte
1205 4048 1296 4100 aetate
1311 4041 1405 4119 elige,

451 4151 521 4191 earn
538 4131 594 4192 tibi
605 4131 783 4213 jucundam
801 4154 877 4195 usus
892 4136 1018 4197 efficiet.
1057 4138 1251 4226 Magnopum
1266 4139 1403 4220 proinde

450 4231 585 4291 virorum
609 4252 732 4308 sensus,
754 4234 916 4296 saecularis
938 4234 1008 4298 haec
1034 4248 1201 4319 expugnat
1224 4240 1402 4304 Comoedia.
