3384 5234
323 676 392 721 cae.
411 660 457 743 v]
678 680 934 725 ronvcnnrrcus.
1240 673 1278 731 71

322 828 510 912 erupissent,
524 843 725 893 occurrentes
745 830 790 893 eis
812 831 868 916 qui
889 855 923 896 se
945 831 1083 896 bostium
1103 854 1217 897 manus
1231 835 1277 898 el·

320 928 441 1011 fugisse
466 929 653 1013 gauderent,
682 929 874 1014 diripiebant
900 931 1055 1016 quicquid
1080 931 1272 999 adtulerant.

323 1030 584 1117 Supplicantibus
596 1045 701 1097 autem
715 1044 746 1095 et
760 1033 899 1096 terribile
911 1033 1072 1117 quoddam
1086 1034 1145 1098 sibi
1161 1057 1274 1099 nomen

321 1132 380 1196 Dei
396 1131 619 1197 invocantibus
643 1145 679 1195 ut
699 1132 748 1195 vel
771 1146 892 1217 partem
909 1132 1050 1220 aliquam
1065 1158 1105 1198 ex
1125 1136 1186 1211 bis,
1202 1160 1275 1223 quae

319 1259 424 1299 secum
442 1235 554 1300 mortis
568 1232 710 1320 periculo
725 1237 949 1320 quaesiverant‚
965 1236 1180 1322 indulgerent,
1195 1238 1275 1302 nibil

319 1358 448 1422 prorsus
464 1338 667 1424 praebebant:
692 1337 746 1401 sed
767 1337 827 1400 hoc
843 1338 986 1401 beneficii
1003 1338 1071 1402 loco
1087 1355 1233 1422 cesserat,
1247 1342 1273 1406 si

320 1440 581 1526 comprehensum
602 1444 712 1503 vivum
735 1438 873 1503 licuisset
893 1439 1035 1503 evadere.
1082 1441 1144 1504 His
1166 1456 1274 1507 autem

320 1552 392 1623 post
419 1539 582 1625 aliquanta
605 1537 763 1624 adjungit,
785 1538 913 1604 dicens:
952 1541 975 1601 J
979 1539 1076 1604 udaeis
1099 1564 1174 1604 vero
1199 1565 1273 1606 cum

320 1664 449 1725 egressu
466 1642 553 1706 urbis
568 1642 668 1704 omnis
684 1640 803 1726 pariter
818 1664 889 1727 spes
905 1640 1135 1707 excludebatur
1151 1643 1274 1725 salutis,

319 1758 352 1807 et
368 1744 560 1809 invalescens
575 1744 729 1808 acerbitas
744 1742 846 1822 famiS,
858 1741 969 1806 domos
984 1743 1077 1808 simul
1092 1758 1124 1811 et
1139 1743 1273 1810 familias

320 1857 512 1932 gentemque
536 1846 699 1918 vastabat;
740 1848 785 1909 ita
809 1858 845 1909 ut
872 1845 905 1908 in
932 1846 1148 1930 penetralibus
1173 1860 1273 1912 strata

315 1952 456 2033 jacerent
473 1947 640 2012 mulierum
661 1947 933 2032 parvulorumque
948 1947 1112 2026 cadavera,
1128 1971 1185 2033 per
1206 1948 1273 2035 pla-

320 2064 385 2114 teas
398 2075 472 2115 vero
486 2050 659 2114 infelicium
677 2072 788 2114 senum
803 2072 947 2134 corpora,
959 2049 1042 2113 fame
1059 2051 1158 2135 magis
1172 2073 1269 2136 quam

318 2165 422 2232 aetate,
448 2166 623 2217 consumta.
677 2154 820 2215 Juvenes
847 2174 922 2214 vero
948 2164 1042 2236 atque
1067 2152 1169 2217 omnis
1195 2165 1273 2218 aetas

318 2255 488 2333 robustior,
504 2254 592 2318 velut
610 2254 800 2319 simulachra
823 2254 971 2339 quaedam
994 2253 1026 2316 in
1043 2254 1102 2317 viis
1116 2266 1148 2319 et
1169 2278 1272 2340 egres-

318 2356 405 2421 sibus
420 2357 622 2435 oberrabant,
637 2368 831 2434 corruentes,
846 2378 1037 2442 quocunque
1052 2357 1113 2421 loci
1128 2380 1271 2441 gressum

318 2456 522 2541 surripuisset
547 2456 662 2521 inedia.
710 2454 850 2541 Sepelire
875 2469 981 2519 autem
1008 2456 1163 2521 cadavera
1188 2480 1271 2521 mor-

318 2569 444 2621 tuorum
461 2558 694 2643 proximorum,
707 2580 763 2621 nec
778 2558 1002 2621 defunctorum
1016 2559 1200 2635 multitudo,
1213 2582 1270 2624 nec

317 2659 430 2723 virium
447 2660 595 2724 debilitas
611 2660 835 2745 permittebat;
868 2659 1010 2724 simulet
1032 2683 1089 2744 per
1112 2683 1177 2724 suae
1194 2662 1269 2726 vitae

317 2759 437 2825 incerta
462 2762 684 2848 unusquisque
707 2763 887 2826 verebatur.
940 2761 1089 2847 Denique
1113 2762 1269 2847 aliquanti

319 2882 417 2945 super
437 2886 501 2939 eoa,
524 2887 604 2950 quos
627 2863 832 2950 sepeliebant,
850 2864 970 2928 animas
992 2865 1142 2937 emisere;
1173 2864 1268 2930 multi

317 2962 413 3027 etiam
428 2963 506 3028 dum
521 2980 757 3051 prosequuntur
771 2966 896 3041 funera,
909 2966 1095 3051 priusquam
1109 2966 1150 3030 ad
1162 2965 1268 3053 sepul·

316 3063 429 3128 chrum
453 3066 624 3143 veniretur,
639 3068 797 3135 efflabant.
842 3071 899 3143 Et,
922 3078 959 3132 ut
980 3090 1037 3131 nec
1056 3068 1204 3153 planctus
1226 3091 1266 3133 ex

316 3189 403 3230 more
419 3167 578 3233 defunctis
592 3171 816 3247 exhibebatur,
833 3182 888 3232 aut
905 3168 1022 3245 luctus,
1037 3170 1112 3254 quia
1129 3170 1188 3234 boc
1204 3170 1266 3234 sibi

315 3279 416 3334 totum
442 3270 664 3355 vendicaverat
689 3272 807 3346 fames3
843 3275 887 3335 sic
913 3294 970 3335 nec
996 3270 1128 3336 ariditas
1153 3272 1267 3338 inediae
1296 3314 1315 3355 ,

314 3372 477 3436 humorem
500 3373 638 3460 aliquem
666 3376 815 3461 cuiquam
844 3374 1017 3460 reliquerat
1043 3374 1265 3463 lacrymarum.

316 3474 513 3541 Obsederant
528 3477 688 3543 civitatem
707 3478 868 3563 profunda
883 3477 1016 3552 silentia,
1032 3490 1063 3543 et
1087 3501 1150 3542 nox
1173 3478 1268 3565 plena

314 3576 425 3640 mortis
453 3592 567 3643 cuncta
596 3590 788 3643 contexerat.
843 3578 967 3655 Quibus
996 3578 1087 3642 malis
1118 3580 1267 3645 omnibus

312 3678 473 3761 graviores
500 3678 557 3742 soli
573 3679 724 3764 vigebant
751 3677 927 3763 praedones,
948 3681 1007 3763 qui
1032 3701 1072 3741 ne
1099 3680 1267 3764 sepulchra

312 3778 442 3863 quidem
457 3777 595 3866 diripere
611 3793 642 3845 et
668 3780 802 3865 spoliare
818 3780 975 3844 cadavera
997 3779 1146 3845 illicitum
1170 3781 1267 3845 duce·

313 3879 401 3957 bant,
413 3904 477 3944 non
493 3894 558 3946 tam
575 3882 715 3969 praedam
731 3894 886 3967 petentes,
897 3903 994 3967 quam
1008 3882 1110 3945 scelus
1125 3882 1268 3947 irrisione

312 3983 519 4060 cumulantes
532 3998 564 4049 et
579 3985 678 4049 aciem
693 3983 874 4070 gladiorum
887 4006 1014 4049 suorum
1029 3984 1062 4046 in
1074 3982 1267 4049 cadaverum

311 4083 550 4150 obtruncatione
576 4087 757 4173 probantes.
805 4084 974 4148 interdum
1000 4085 1095 4148 etiam
1127 4086 1158 4149 in
1188 4108 1267 4149 noo·

312 4184 414 4248 nullos
429 4186 534 4250 adbuc
547 4188 714 4273 spirantes,
727 4209 837 4251 mucro
853 4184 1084 4249 examinandus
1099 4187 1267 4271 agebatur,

312 4284 399 4373 quod
414 4285 468 4350 alii
484 4286 652 4350 semineces
673 4309 774 4373 quum
795 4287 951 4364 viderent,
966 4285 1125 4371 supplices
1140 4286 1269 4354 dextras
