3384 5234
307 712 377 757 oar.
392 694 456 773 xa]
653 709 907 757 ronrcmmcns.
1117 694 1121 701 '
1194 698 1257 756 258

308 862 416 926 orbis?
444 863 583 928 Divitias
598 885 660 926 non
677 863 841 938 habemus,
859 882 995 946 quarum
1011 859 1187 947 cupiditate
1202 886 1261 927 nos

308 964 424 1029 debeas
439 987 634 1052 expugnare,
650 964 792 1029 omnium
815 963 901 1028 bona
918 962 1066 1026 omnibus
1081 964 1262 1028 communia

309 1080 391 1132 sunt.
438 1070 521 1131 Esca
544 1083 592 1132 est
616 1066 707 1131 nobis
733 1088 792 1152 pro
819 1062 952 1139 divitiis,
978 1085 1037 1149 pro
1063 1064 1204 1130 cultibus
1229 1079 1261 1131 et

311 1190 400 1246 auro,
417 1168 487 1233 vilis
501 1186 533 1235 et
548 1191 620 1233 rara
635 1168 741 1234 vestis.
787 1165 930 1230 Feminae
945 1178 1051 1230 autern
1068 1179 1184 1231 nostrae
1198 1189 1261 1231 non

311 1285 477 1348 ornantur,
493 1284 530 1337 ut
548 1270 713 1357 placeant;
737 1291 833 1356 quern
854 1267 985 1354 quidem
1007 1282 1263 1335 ornamentorum

312 1368 446 1446 cultum,
462 1370 570 1455 potius
583 1370 671 1434 oneri
686 1369 857 1456 deputant,
868 1390 964 1452 quam
977 1366 1093 1437 decori.
1133 1370 1263 1435 Etenim

313 1471 456 1536 nesciunt
490 1475 522 1537 in
553 1471 699 1557 augenda
729 1469 973 1559 pulchritudine
1001 1470 1076 1557 plus
1105 1472 1289 1547 affectare,-

315 1595 412 1658 quam
429 1572 516 1658 quod
539 1585 621 1638 natae
643 1586 725 1639 sunt.
769 1574 872 1637 Antra
892 1569 982 1634 nohis
996 1569 1154 1657 duplicem
1171 1596 1263 1637 usum

315 1687 480 1759 praestant,
495 1688 714 1761 tegumentum
734 1674 767 1737 in
790 1673 867 1752 vita,
882 1675 913 1736 in
936 1685 1038 1736 morte
1057 1674 1265 1761 sepulturam.

317 1775 439 1859 R'egem
455 1777 620 1857 habemus,
633 1799 694 1841 non
718 1798 778 1862 pro
796 1774 938 1860 justitia,
953 1773 1007 1837 sed
1030 1797 1088 1859 pro
1103 1776 1267 1842 nobilitate

317 1878 541 1946 conservanda.
586 1882 688 1957 Quem
713 1877 796 1942 enim
823 1879 929 1942 locum
955 1876 1082 1942 haberet
1115 1878 1267 1958 vindicta,

320 1978 375 2043 ubi
392 1979 480 2045 nulla
494 1982 530 2046 fit
545 1980 726 2067 injustitia?
760 1980 822 2045 His
838 1977 943 2043 verbis
956 1992 1062 2044 motus
1077 1979 1268 2059 Alexander,

319 2079 438 2145 nullam
461 2095 550 2147 ratus
573 2082 747 2159 victoriam,
771 2081 796 2145 si
819 2102 927 2145 eorum
950 2101 1058 2165 pacem
1082 2094 1269 2167 perpetuam

320 2182 478 2260 turbaret,
493 2185 525 2248 in
542 2184 650 2271 quiete
672 2207 731 2249 sua
745 2182 875 2247 dimisit.
921 2182 967 2246 Et
981 2182 1063 2246 forte
1078 2183 1104 2246 si
1119 2206 1172 2248 eos
1187 2182 1271 2249 bello

320 2282 435 2349 fuisset
449 2307 630 2372 aggressus,
645 2285 773 2350 minime
788 2283 1007 2371 praevaluisset
1021 2284 1174 2350 adversus
1184 2289 1272 2351 inno-

321 2398 437 2468 centes,
459 2412 496 2453 eo
518 2389 604 2474 quod
628 2387 808 2452 innocentia
831 2408 893 2448 non
919 2386 1011 2449 facile
1037 2401 1217 2472 superatur,
1240 2399 1273 2452 et

323 2490 441 2555 veritas
463 2491 528 2557 suis
548 2491 668 2556 viribus
688 2501 849 2562 constans,
869 2487 909 2549 de
930 2486 1044 2550 militia
1066 2490 1273 2571 quantumvis

324 2604 446 2656 armata
469 2593 656 2677 triumphat.
702 2588 765 2655 Sed
786 2587 864 2672 quia
886 2584 967 2649 nihil
989 2596 1037 2649 est
1062 2586 1151 2671 quod
1173 2588 1274 2672 magis

325 2689 505 2756 desiderent
527 2692 679 2768 homines,
703 2712 799 2775 quam
821 2698 859 2751 ut
882 2687 912 2750 in
939 2686 1032 2750 bonis
1053 2685 1116 2750 suis
1137 2685 1275 2753 habeant
1344 2739 1347 2743 .

327 2790 408 2855 filios
423 2814 625 2866 successores,
644 2794 751 2878 utqui
769 2788 930 2877 propriam
946 2811 985 2853 ex
1001 2788 1181 2853 conditione
1195 2812 1277 2876 prae·

328 2892 438 2957 vident
459 2907 604 2970 mortem,
624 2895 657 2958 in
680 2892 856 2980 propagine
875 2891 978 2956 carnis
998 2914 1064 2957 suaa
1086 2905 1277 2979 perpetuent

327 2991 436 3058 vitam.
482 2997 554 3058 Hoc
574 2993 772 3080 principibus
791 3004 839 3056 est
861 2991 1063 3078 promissum,
1085 2992 1170 3056 unde
1188 3014 1278 3056 max·

329 3092 389 3159 ime
411 3109 544 3180 possunt
566 3096 606 3159 ad
627 3096 749 3161 cultum
766 3093 1065 3181 justitiae-invitari.
1111 3093 1278 3179 Contingit

328 3195 411 3259 enim
427 3220 480 3263 eos
495 3197 606 3284 quide
623 3197 746 3283 seipsis
762 3197 863 3262 securi
884 3208 969 3275 sunt,
983 3194 1024 3259 de
1039 3207 1124 3260 statu
1140 3194 1277 3259 filiorum

325 3298 448 3383 jugiter
477 3323 544 3364 esse
570 3300 729 3365 sollicitos.
783 3301 822 3362 In
851 3320 952 3383 eoque
978 3296 1110 3362 nimium
1137 3297 1279 3362 caritatis

331 3400 410 3464 ordo
435 3414 588 3478 servatur,
605 3401 692 3488 quod
713 3423 863 3483 amorem,
884 3398 940 3485 qui
960 3399 1073 3485 patriae
1094 3400 1281 3485 parentibus

335 3501 496 3587 praecipue
518 3503 706 3581 debebatur,
722 3515 813 3591 pater
828 3500 1022 3567 transfundit
1044 3500 1075 3564 in
1098 3500 1188 3577 filios,
1204 3500 1282 3567 dum

333 3601 437 3666 filialis
453 3604 584 3671 affectus
599 3606 720 3693 paterni
737 3608 874 3693 pectoris
889 3602 998 3667 cellam
1016 3599 1103 3665 solus
1122 3603 1281 3668 exhaurit.

335 3706 504 3791 Condigna
530 3731 658 3793 quoque
685 3707 751 3771 vice
781 3704 973 3792 respondent
1003 3704 1189 3789 parentibus
1214 3705 1284 3786 filii,
1356 3775 1359 3779 ,

334 3809 469 3873 eundem
487 3811 551 3875 suis
573 3811 791 3897 impartientes
811 3808 971 3879 affectum,
987 3829 1052 3891 quo
1066 3829 1085 3869 a
1099 3808 1285 3892 parentibus

335 3911 456 3999 accepti
478 3928 563 3995 sunt,
578 3913 650 3978 licet
670 3910 768 3977 alium
783 3911 926 3975 ordinem
943 3908 1051 3992 exigat
1069 3908 1184 3972 caritas
1197 3907 1285 3973 ordi·

337 4028 422 4091 nata,
434 4038 528 4101 quern
541 4029 705 4099 poetarum
721 4011 923 4078 doctissimus
935 4008 1109 4096 prudenter
1120 4010 1284 4096 expressit.

338 4118 450 4181 Senem
466 4139 603 4203 namque
619 4112 905 4181 Anchisen'eversa
920 4111 1017 4196 Troja
1031 4110 1063 4173 in
1080 4110 1219 4177 humeris
1240 4112 1286 4199 pii

340 4219 396 4285 filii
408 4220 582 4299 collocavit,
595 4220 736 4307 parentis
749 4219 862 4282 AEneae
876 4215 1021 4280 dextram
1037 4214 1127 4280 dedit
1142 4217 1287 4296 Ascanio,

337 4335 369 4386 et
392 4324 505 4386 marito
528 4326 642 4408 conjux
660 4325 781 4387 Creusa
798 4315 941 4395 cohaesit,
957 4316 1204 4383 antecedentium
1228 4341 1288 4403 pro
