<?xml version="1.0" encoding="UTF-8"?>
<!DOCTYPE html PUBLIC "-//W3C//DTD XHTML 1.0 Transitional//EN"
    "http://www.w3.org/TR/xhtml1/DTD/xhtml1-transitional.dtd">
<html xmlns="http://www.w3.org/1999/xhtml" xml:lang="en" lang="en">
 <head>
  <title>
</title>
<meta http-equiv="Content-Type" content="text/html;charset=utf-8" />
  <meta name='ocr-system' content='tesseract 3.04.00' />
  <meta name='ocr-capabilities' content='ocr_page ocr_carea ocr_par ocr_line ocrx_word'/>
</head>
<body>
  <div class='ocr_page' id='page_1' title='image "./joannissaresber06johngoog_0115.png"; bbox 0 0 3384 5234; ppageno 0'>
   <div class='ocr_carea' id='block_1_1' title="bbox 367 710 1315 789">
    <p class='ocr_par' dir='ltr' id='par_1_1' title="bbox 367 710 1315 789">
     <span class='ocr_line' id='line_1_1' title="bbox 367 710 1315 789; baseline -0.003 -16"><span class='ocrx_word' id='word_1_1' title='bbox 367 729 437 773; x_wconf 73' lang='lat' dir='ltr'><strong>cae.</strong></span> <span class='ocrx_word' id='word_1_2' title='bbox 454 710 537 789; x_wconf 76' lang='lat' dir='ltr'><strong>nun]</strong></span> <span class='ocrx_word' id='word_1_3' title='bbox 714 724 969 769; x_wconf 76' lang='lat' dir='ltr'><strong>muronarrous.</strong></span> <span class='ocrx_word' id='word_1_4' title='bbox 1256 710 1315 771; x_wconf 79' lang='lat'><strong>105</strong></span> 
     </span>
    </p>
   </div>
   <div class='ocr_carea' id='block_1_2' title="bbox 304 875 1330 4405">
    <p class='ocr_par' dir='ltr' id='par_1_2' title="bbox 304 875 1327 3376">
     <span class='ocr_line' id='line_1_2' title="bbox 367 875 1317 961; baseline -0.004 -18"><span class='ocrx_word' id='word_1_5' title='bbox 367 881 412 943; x_wconf 90' lang='lat' dir='ltr'><strong>Et</strong></span> <span class='ocrx_word' id='word_1_6' title='bbox 428 877 500 941; x_wconf 90' lang='lat' dir='ltr'><strong>licet</strong></span> <span class='ocrx_word' id='word_1_7' title='bbox 520 875 723 961; x_wconf 86' lang='lat' dir='ltr'><strong>quandoque,</strong></span> <span class='ocrx_word' id='word_1_8' title='bbox 747 896 820 960; x_wconf 89' lang='lat' dir='ltr'><strong>quae</strong></span> <span class='ocrx_word' id='word_1_9' title='bbox 843 875 974 937; x_wconf 88' lang='lat' dir='ltr'><strong>honesta</strong></span> <span class='ocrx_word' id='word_1_10' title='bbox 994 875 1045 938; x_wconf 87' lang='lat' dir='ltr'><strong>vel</strong></span> <span class='ocrx_word' id='word_1_11' title='bbox 1067 885 1152 936; x_wconf 87' lang='lat' dir='ltr'><strong>recta</strong></span> <span class='ocrx_word' id='word_1_12' title='bbox 1174 883 1260 952; x_wconf 90' lang='lat' dir='ltr'><strong>sunt,</strong></span> <span class='ocrx_word' id='word_1_13' title='bbox 1281 885 1317 939; x_wconf 91' lang='lat' dir='ltr'><strong>ut</strong></span> 
     </span>
     <span class='ocr_line' id='line_1_3' title="bbox 366 973 1319 1061; baseline -0.004 -19"><span class='ocrx_word' id='word_1_14' title='bbox 366 978 435 1042; x_wconf 89' lang='lat' dir='ltr'><strong>sein</strong></span> <span class='ocrx_word' id='word_1_15' title='bbox 448 978 515 1040; x_wconf 89' lang='lat' dir='ltr'><strong>loco</strong></span> <span class='ocrx_word' id='word_1_16' title='bbox 527 976 647 1041; x_wconf 92' lang='lat' dir='ltr'><strong>mundo</strong></span> <span class='ocrx_word' id='word_1_17' title='bbox 657 976 738 1039; x_wconf 89' lang='lat' dir='ltr'><strong>velle</strong></span> <span class='ocrx_word' id='word_1_18' title='bbox 750 978 877 1049; x_wconf 86' lang='lat' dir='ltr'><strong>servari,</strong></span> <span class='ocrx_word' id='word_1_19' title='bbox 887 973 936 1038; x_wconf 92' lang='lat' dir='ltr'><strong>vel</strong></span> <span class='ocrx_word' id='word_1_20' title='bbox 946 974 1045 1039; x_wconf 86' lang='lat' dir='ltr'><strong>solum</strong></span> <span class='ocrx_word' id='word_1_21' title='bbox 1061 978 1176 1052; x_wconf 90' lang='lat' dir='ltr'><strong>Deum,</strong></span> <span class='ocrx_word' id='word_1_22' title='bbox 1188 974 1319 1061; x_wconf 86' lang='lat' dir='ltr'><strong>quando</strong></span> 
     </span>
     <span class='ocr_line' id='line_1_4' title="bbox 366 1075 1318 1164; baseline -0.004 -21"><span class='ocrx_word' id='word_1_23' title='bbox 366 1078 486 1164; x_wconf 88' lang='lat' dir='ltr'><strong>aliquid</strong></span> <span class='ocrx_word' id='word_1_24' title='bbox 503 1078 659 1163; x_wconf 87' lang='lat' dir='ltr'><strong>quaeritur</strong></span> <span class='ocrx_word' id='word_1_25' title='bbox 672 1077 831 1163; x_wconf 77' lang='lat' dir='ltr'><strong>precibus,</strong></span> <span class='ocrx_word' id='word_1_26' title='bbox 852 1089 883 1139; x_wconf 87' lang='lat' dir='ltr'><strong>et</strong></span> <span class='ocrx_word' id='word_1_27' title='bbox 906 1076 1092 1140; x_wconf 88' lang='lat' dir='ltr'><strong>muneribus</strong></span> <span class='ocrx_word' id='word_1_28' title='bbox 1106 1075 1318 1140; x_wconf 85' lang='lat' dir='ltr'><strong>invocandum</strong></span> 
     </span>
     <span class='ocr_line' id='line_1_5' title="bbox 367 1177 1319 1266; baseline 0 -24"><span class='ocrx_word' id='word_1_29' title='bbox 367 1180 541 1266; x_wconf 84' lang='lat' dir='ltr'><strong>praecipiat,</strong></span> <span class='ocrx_word' id='word_1_30' title='bbox 560 1178 689 1262; x_wconf 82' lang='lat' dir='ltr'>maligni</span> <span class='ocrx_word' id='word_1_31' title='bbox 705 1190 810 1241; x_wconf 88' lang='lat' dir='ltr'><strong>tamen</strong></span> <span class='ocrx_word' id='word_1_32' title='bbox 829 1177 960 1261; x_wconf 85' lang='lat' dir='ltr'><strong>spiritus</strong></span> <span class='ocrx_word' id='word_1_33' title='bbox 981 1178 1061 1241; x_wconf 91' lang='lat' dir='ltr'><strong>hanc</strong></span> <span class='ocrx_word' id='word_1_34' title='bbox 1076 1201 1144 1242; x_wconf 88' lang='lat' dir='ltr'><strong>esse</strong></span> <span class='ocrx_word' id='word_1_35' title='bbox 1163 1177 1319 1242; x_wconf 84' lang='lat' dir='ltr'><strong>fallaciam</strong></span> 
     </span>
     <span class='ocr_line' id='line_1_6' title="bbox 367 1278 1321 1363; baseline -0.001 -19"><span class='ocrx_word' id='word_1_36' title='bbox 367 1280 574 1359; x_wconf 84' lang='lat' dir='ltr'><strong>certissimum</strong></span> <span class='ocrx_word' id='word_1_37' title='bbox 598 1292 658 1357; x_wconf 91' lang='lat' dir='ltr'><strong>est,</strong></span> <span class='ocrx_word' id='word_1_38' title='bbox 679 1278 737 1363; x_wconf 89' lang='lat' dir='ltr'><strong>qui</strong></span> <span class='ocrx_word' id='word_1_39' title='bbox 761 1291 797 1341; x_wconf 92' lang='lat' dir='ltr'><strong>ut</strong></span> <span class='ocrx_word' id='word_1_40' title='bbox 820 1279 926 1341; x_wconf 89' lang='lat' dir='ltr'><strong>minus</strong></span> <span class='ocrx_word' id='word_1_41' title='bbox 948 1292 1110 1359; x_wconf 89' lang='lat' dir='ltr'><strong>caveatur,</strong></span> <span class='ocrx_word' id='word_1_42' title='bbox 1132 1280 1321 1343; x_wconf 75' lang='lat' dir='ltr'><strong>innocentiae</strong></span> 
     </span>
     <span class='ocr_line' id='line_1_7' title="bbox 369 1376 1322 1465; baseline 0 -23"><span class='ocrx_word' id='word_1_43' title='bbox 369 1379 561 1465; x_wconf 87' lang='lat' dir='ltr'><strong>veljustitiae</strong></span> <span class='ocrx_word' id='word_1_44' title='bbox 571 1391 729 1463; x_wconf 87' lang='lat' dir='ltr'><strong>praecepta</strong></span> <span class='ocrx_word' id='word_1_45' title='bbox 741 1376 932 1463; x_wconf 90' lang='lat' dir='ltr'><strong>plerumque</strong></span> <span class='ocrx_word' id='word_1_46' title='bbox 942 1377 1071 1442; x_wconf 90' lang='lat' dir='ltr'><strong>videtur</strong></span> <span class='ocrx_word' id='word_1_47' title='bbox 1081 1378 1203 1444; x_wconf 84' lang='lat' dir='ltr'><strong>afferre.</strong></span> <span class='ocrx_word' id='word_1_48' title='bbox 1226 1382 1322 1442; x_wconf 91' lang='lat' dir='ltr'><strong>Hanc</strong></span> 
     </span>
     <span class='ocr_line' id='line_1_8' title="bbox 370 1477 1322 1566; baseline 0 -22"><span class='ocrx_word' id='word_1_49' title='bbox 370 1481 501 1566; x_wconf 90' lang='lat' dir='ltr'><strong>quidem</strong></span> <span class='ocrx_word' id='word_1_50' title='bbox 507 1478 835 1562; x_wconf 86' lang='lat' dir='ltr'><strong>idololatriaespeciem</strong></span> <span class='ocrx_word' id='word_1_51' title='bbox 843 1501 909 1541; x_wconf 89' lang='lat' dir='ltr'><strong>esse</strong></span> <span class='ocrx_word' id='word_1_52' title='bbox 916 1477 1056 1541; x_wconf 88' lang='lat' dir='ltr'><strong>fidelium</strong></span> <span class='ocrx_word' id='word_1_53' title='bbox 1071 1479 1177 1542; x_wconf 91' lang='lat' dir='ltr'><strong>nullus</strong></span> <span class='ocrx_word' id='word_1_54' title='bbox 1187 1479 1322 1563; x_wconf 82' lang='lat' dir='ltr'><strong>ignorat.</strong></span> 
     </span>
     <span class='ocr_line' id='line_1_9' title="bbox 371 1580 1320 1667; baseline -0.001 -22"><span class='ocrx_word' id='word_1_55' title='bbox 371 1584 483 1666; x_wconf 84' lang='lat' dir='ltr'><strong>Longe</strong></span> <span class='ocrx_word' id='word_1_56' title='bbox 500 1605 574 1645; x_wconf 91' lang='lat' dir='ltr'><strong>vero</strong></span> <span class='ocrx_word' id='word_1_57' title='bbox 586 1580 780 1644; x_wconf 84' lang='lat' dir='ltr'><strong>commodius</strong></span> <span class='ocrx_word' id='word_1_58' title='bbox 795 1581 828 1643; x_wconf 93' lang='lat' dir='ltr'><strong>in</strong></span> <span class='ocrx_word' id='word_1_59' title='bbox 840 1582 957 1644; x_wconf 89' lang='lat' dir='ltr'><strong>coelum</strong></span> <span class='ocrx_word' id='word_1_60' title='bbox 970 1581 1145 1647; x_wconf 89' lang='lat' dir='ltr'><strong>ascendunt</strong></span> <span class='ocrx_word' id='word_1_61' title='bbox 1156 1582 1320 1667; x_wconf 81' lang='lat' dir='ltr'>astrologi,</span> 
     </span>
     <span class='ocr_line' id='line_1_10' title="bbox 372 1683 1323 1770; baseline 0 -22"><span class='ocrx_word' id='word_1_62' title='bbox 372 1685 426 1770; x_wconf 94' lang='lat' dir='ltr'><strong>qui</strong></span> <span class='ocrx_word' id='word_1_63' title='bbox 441 1683 690 1747; x_wconf 84' lang='lat' dir='ltr'><strong>academicorum</strong></span> <span class='ocrx_word' id='word_1_64' title='bbox 709 1705 805 1757; x_wconf 87' lang='lat' dir='ltr'><strong>more,</strong></span> <span class='ocrx_word' id='word_1_65' title='bbox 830 1683 986 1769; x_wconf 89' lang='lat' dir='ltr'><strong>quicquid</strong></span> <span class='ocrx_word' id='word_1_66' title='bbox 1002 1684 1046 1747; x_wconf 90' lang='lat' dir='ltr'><strong>eis</strong></span> <span class='ocrx_word' id='word_1_67' title='bbox 1061 1685 1232 1748; x_wconf 86' lang='lat' dir='ltr'><strong>occurrerit</strong></span> <span class='ocrx_word' id='word_1_68' title='bbox 1250 1707 1323 1769; x_wconf 90' lang='lat' dir='ltr'><strong>pro-</strong></span> 
     </span>
     <span class='ocr_line' id='line_1_11' title="bbox 371 1784 1322 1870; baseline 0 -22"><span class='ocrx_word' id='word_1_69' title='bbox 371 1785 488 1865; x_wconf 89' lang='lat' dir='ltr'><strong>babile,</strong></span> <span class='ocrx_word' id='word_1_70' title='bbox 511 1809 568 1848; x_wconf 91' lang='lat' dir='ltr'><strong>suo</strong></span> <span class='ocrx_word' id='word_1_71' title='bbox 586 1786 660 1870; x_wconf 88' lang='lat' dir='ltr'><strong>jure</strong></span> <span class='ocrx_word' id='word_1_72' title='bbox 682 1784 868 1848; x_wconf 84' lang='lat' dir='ltr'><strong>defendunt.</strong></span> <span class='ocrx_word' id='word_1_73' title='bbox 923 1786 1038 1870; x_wconf 87' lang='lat' dir='ltr'><strong>Itaque</strong></span> <span class='ocrx_word' id='word_1_74' title='bbox 1060 1785 1192 1870; x_wconf 92' lang='lat' dir='ltr'><strong>quidam</strong></span> <span class='ocrx_word' id='word_1_75' title='bbox 1214 1808 1322 1850; x_wconf 88' lang='lat' dir='ltr'><strong>eorum</strong></span> 
     </span>
     <span class='ocr_line' id='line_1_12' title="bbox 372 1885 1322 1973; baseline -0.001 -22"><span class='ocrx_word' id='word_1_76' title='bbox 372 1900 460 1951; x_wconf 91' lang='lat' dir='ltr'><strong>motu</strong></span> <span class='ocrx_word' id='word_1_77' title='bbox 477 1886 617 1973; x_wconf 89' lang='lat' dir='ltr'><strong>quodam</strong></span> <span class='ocrx_word' id='word_1_78' title='bbox 632 1885 817 1962; x_wconf 83' lang='lat' dir='ltr'><strong>irrationali,</strong></span> <span class='ocrx_word' id='word_1_79' title='bbox 830 1886 974 1970; x_wconf 84' lang='lat' dir='ltr'><strong>planetas</strong></span> <span class='ocrx_word' id='word_1_80' title='bbox 994 1888 1148 1950; x_wconf 87' lang='lat' dir='ltr'><strong>adversus</strong></span> <span class='ocrx_word' id='word_1_81' title='bbox 1162 1889 1322 1973; x_wconf 85' lang='lat' dir='ltr'><strong>Aplanem</strong></span> 
     </span>
     <span class='ocr_line' id='line_1_13' title="bbox 373 1989 1321 2066; baseline -0.001 -14"><span class='ocrx_word' id='word_1_82' title='bbox 373 1990 430 2053; x_wconf 91' lang='lat' dir='ltr'><strong>niti</strong></span> <span class='ocrx_word' id='word_1_83' title='bbox 446 1990 642 2054; x_wconf 90' lang='lat' dir='ltr'><strong>contendunt</strong></span> <span class='ocrx_word' id='word_1_84' title='bbox 655 2014 664 2062; x_wconf 84' lang='lat'><em>3</em></span> <span class='ocrx_word' id='word_1_85' title='bbox 689 1989 752 2063; x_wconf 89' lang='lat' dir='ltr'><strong>alii,</strong></span> <span class='ocrx_word' id='word_1_86' title='bbox 770 2001 899 2051; x_wconf 89' lang='lat' dir='ltr'><strong>auctore</strong></span> <span class='ocrx_word' id='word_1_87' title='bbox 914 1989 1095 2066; x_wconf 83' lang='lat' dir='ltr'><strong>Aristotele,</strong></span> <span class='ocrx_word' id='word_1_88' title='bbox 1107 1991 1233 2054; x_wconf 89' lang='lat' dir='ltr'><strong>eosdem</strong></span> <span class='ocrx_word' id='word_1_89' title='bbox 1249 2011 1321 2052; x_wconf 87' lang='lat' dir='ltr'><strong>cum</strong></span> 
     </span>
     <span class='ocr_line' id='line_1_14' title="bbox 372 2090 1323 2176; baseline 0 -21"><span class='ocrx_word' id='word_1_90' title='bbox 372 2094 570 2157; x_wconf 90' lang='lat' dir='ltr'><strong>firmamento</strong></span> <span class='ocrx_word' id='word_1_91' title='bbox 591 2090 667 2154; x_wconf 88' lang='lat' dir='ltr'><strong>ferri</strong></span> <span class='ocrx_word' id='word_1_92' title='bbox 690 2091 894 2174; x_wconf 87' lang='lat' dir='ltr'><strong>profitentur,</strong></span> <span class='ocrx_word' id='word_1_93' title='bbox 918 2114 1053 2176; x_wconf 89' lang='lat' dir='ltr'><strong>quorum</strong></span> <span class='ocrx_word' id='word_1_94' title='bbox 1077 2103 1226 2154; x_wconf 88' lang='lat' dir='ltr'><strong>neutrum</strong></span> <span class='ocrx_word' id='word_1_95' title='bbox 1243 2103 1323 2155; x_wconf 90' lang='lat' dir='ltr'><strong>teste</strong></span> 
     </span>
     <span class='ocr_line' id='line_1_15' title="bbox 372 2183 1324 2276; baseline -0.003 -17"><span class='ocrx_word' id='word_1_96' title='bbox 372 2183 492 2259; x_wconf 83' lang='lat' dir='ltr'><strong>Mincio</strong></span> <span class='ocrx_word' id='word_1_97' title='bbox 515 2193 698 2276; x_wconf 78' lang='lat' dir='ltr'><strong>astrologiae</strong></span> <span class='ocrx_word' id='word_1_98' title='bbox 721 2191 840 2275; x_wconf 86' lang='lat' dir='ltr'><strong>regulis</strong></span> <span class='ocrx_word' id='word_1_99' title='bbox 868 2192 1030 2255; x_wconf 88' lang='lat' dir='ltr'><strong>invenitur</strong></span> <span class='ocrx_word' id='word_1_100' title='bbox 1052 2191 1231 2256; x_wconf 88' lang='lat' dir='ltr'><strong>adversum.</strong></span> <span class='ocrx_word' id='word_1_101' title='bbox 1276 2195 1324 2256; x_wconf 83' lang='lat' dir='ltr'><strong>At</strong></span> 
     </span>
     <span class='ocr_line' id='line_1_16' title="bbox 373 2293 1324 2380; baseline -0.002 -22"><span class='ocrx_word' id='word_1_102' title='bbox 373 2294 561 2380; x_wconf 87' lang='lat' dir='ltr'><strong>genethliaci</strong></span> <span class='ocrx_word' id='word_1_103' title='bbox 584 2294 662 2358; x_wconf 94' lang='lat' dir='ltr'><strong>dum</strong></span> <span class='ocrx_word' id='word_1_104' title='bbox 682 2293 722 2355; x_wconf 92' lang='lat' dir='ltr'><strong>ad</strong></span> <span class='ocrx_word' id='word_1_105' title='bbox 739 2294 965 2358; x_wconf 88' lang='lat' dir='ltr'><strong>divinationem</strong></span> <span class='ocrx_word' id='word_1_106' title='bbox 989 2295 1128 2359; x_wconf 69' lang='lat' dir='ltr'><strong>scientiae</strong></span> <span class='ocrx_word' id='word_1_107' title='bbox 1148 2294 1324 2357; x_wconf 89' lang='lat' dir='ltr'><strong>coelestium</strong></span> 
     </span>
     <span class='ocr_line' id='line_1_17' title="bbox 373 2395 1324 2481; baseline -0.001 -22"><span class='ocrx_word' id='word_1_108' title='bbox 373 2398 464 2460; x_wconf 91' lang='lat' dir='ltr'><strong>nimis</strong></span> <span class='ocrx_word' id='word_1_109' title='bbox 485 2397 651 2472; x_wconf 85' lang='lat' dir='ltr'><strong>insistunt,</strong></span> <span class='ocrx_word' id='word_1_110' title='bbox 675 2407 739 2459; x_wconf 90' lang='lat' dir='ltr'><strong>tam</strong></span> <span class='ocrx_word' id='word_1_111' title='bbox 763 2395 906 2479; x_wconf 88' lang='lat' dir='ltr'><strong>ipsorum</strong></span> <span class='ocrx_word' id='word_1_112' title='bbox 930 2395 1118 2475; x_wconf 89' lang='lat' dir='ltr'><strong>ooelestium,</strong></span> <span class='ocrx_word' id='word_1_113' title='bbox 1143 2419 1237 2481; x_wconf 92' lang='lat' dir='ltr'><strong>quam</strong></span> <span class='ocrx_word' id='word_1_114' title='bbox 1262 2395 1324 2459; x_wconf 90' lang='lat' dir='ltr'><strong>Dei</strong></span> 
     </span>
     <span class='ocr_line' id='line_1_18' title="bbox 304 2495 1322 2582; baseline -0.001 -22"><span class='ocrx_word' id='word_1_115' title='bbox 304 2513 308 2525; x_wconf 90' lang='grc'><em>·</em></span> <span class='ocrx_word' id='word_1_116' title='bbox 374 2500 516 2563; x_wconf 89' lang='lat' dir='ltr'><strong>notitiam</strong></span> <span class='ocrx_word' id='word_1_117' title='bbox 544 2495 764 2582; x_wconf 87' lang='lat' dir='ltr'><strong>perdiderunt.</strong></span> <span class='ocrx_word' id='word_1_118' title='bbox 810 2498 873 2572; x_wconf 84' lang='lat' dir='ltr'><strong>Qui</strong></span> <span class='ocrx_word' id='word_1_119' title='bbox 905 2511 1009 2560; x_wconf 89' lang='lat' dir='ltr'><strong>tamen</strong></span> <span class='ocrx_word' id='word_1_120' title='bbox 1040 2498 1123 2560; x_wconf 89' lang='lat' dir='ltr'><strong>inter</strong></span> <span class='ocrx_word' id='word_1_121' title='bbox 1149 2520 1202 2560; x_wconf 86' lang='lat' dir='ltr'><strong>eos</strong></span> <span class='ocrx_word' id='word_1_122' title='bbox 1228 2520 1322 2561; x_wconf 91' lang='lat' dir='ltr'><strong>suum</strong></span> 
     </span>
     <span class='ocr_line' id='line_1_19' title="bbox 373 2597 1323 2675; baseline -0.001 -14"><span class='ocrx_word' id='word_1_123' title='bbox 373 2599 568 2662; x_wconf 90' lang='lat' dir='ltr'><strong>commodius</strong></span> <span class='ocrx_word' id='word_1_124' title='bbox 583 2620 734 2662; x_wconf 82' lang='lat' dir='ltr'><strong>excusare</strong></span> <span class='ocrx_word' id='word_1_125' title='bbox 758 2597 906 2662; x_wconf 90' lang='lat' dir='ltr'><strong>videntur</strong></span> <span class='ocrx_word' id='word_1_126' title='bbox 921 2621 1070 2673; x_wconf 75' lang='lat' dir='ltr'><strong>errorem,</strong></span> <span class='ocrx_word' id='word_1_127' title='bbox 1087 2620 1159 2660; x_wconf 92' lang='lat' dir='ltr'><strong>cum</strong></span> <span class='ocrx_word' id='word_1_128' title='bbox 1184 2598 1323 2675; x_wconf 90' lang='lat' dir='ltr'><strong>Plotino,</strong></span> 
     </span>
     <span class='ocr_line' id='line_1_20' title="bbox 375 2696 1326 2785; baseline -0.001 -24"><span class='ocrx_word' id='word_1_129' title='bbox 375 2700 594 2764; x_wconf 87' lang='lat' dir='ltr'><strong>auctoritatem</strong></span> <span class='ocrx_word' id='word_1_130' title='bbox 605 2722 737 2785; x_wconf 89' lang='lat' dir='ltr'><strong>operum</strong></span> <span class='ocrx_word' id='word_1_131' title='bbox 751 2721 812 2761; x_wconf 92' lang='lat' dir='ltr'><strong>uon</strong></span> <span class='ocrx_word' id='word_1_132' title='bbox 823 2700 996 2764; x_wconf 89' lang='lat' dir='ltr'><strong>detrabunt</strong></span> <span class='ocrx_word' id='word_1_133' title='bbox 1006 2696 1150 2778; x_wconf 88' lang='lat' dir='ltr'><strong>creatori,</strong></span> <span class='ocrx_word' id='word_1_134' title='bbox 1162 2698 1216 2762; x_wconf 91' lang='lat' dir='ltr'><strong>sed</strong></span> <span class='ocrx_word' id='word_1_135' title='bbox 1229 2698 1326 2761; x_wconf 88' lang='lat' dir='ltr'><strong>semel</strong></span> 
     </span>
     <span class='ocr_line' id='line_1_21' title="bbox 377 2802 1325 2886; baseline -0.001 -22"><span class='ocrx_word' id='word_1_136' title='bbox 377 2818 407 2865; x_wconf 90' lang='lat' dir='ltr'><strong>et</strong></span> <span class='ocrx_word' id='word_1_137' title='bbox 432 2803 524 2866; x_wconf 87' lang='lat' dir='ltr'><strong>simul</strong></span> <span class='ocrx_word' id='word_1_138' title='bbox 547 2802 587 2865; x_wconf 89' lang='lat' dir='ltr'><strong>ab</strong></span> <span class='ocrx_word' id='word_1_139' title='bbox 613 2825 650 2864; x_wconf 92' lang='lat' dir='ltr'><strong>eo</strong></span> <span class='ocrx_word' id='word_1_140' title='bbox 677 2802 778 2886; x_wconf 86' lang='lat' dir='ltr'><strong>legem</strong></span> <span class='ocrx_word' id='word_1_141' title='bbox 806 2816 954 2866; x_wconf 89' lang='lat' dir='ltr'><strong>asserunt</strong></span> <span class='ocrx_word' id='word_1_142' title='bbox 979 2803 1180 2874; x_wconf 84' lang='lat' dir='ltr'><strong>institutam3</strong></span> <span class='ocrx_word' id='word_1_143' title='bbox 1228 2823 1325 2885; x_wconf 91' lang='lat' dir='ltr'><strong>quam</strong></span> 
     </span>
     <span class='ocr_line' id='line_1_22' title="bbox 378 2902 1327 2990; baseline -0.001 -26"><span class='ocrx_word' id='word_1_144' title='bbox 378 2903 485 2966; x_wconf 91' lang='lat' dir='ltr'><strong>nullus</strong></span> <span class='ocrx_word' id='word_1_145' title='bbox 497 2924 636 2986; x_wconf 91' lang='lat' dir='ltr'><strong>unquam</strong></span> <span class='ocrx_word' id='word_1_146' title='bbox 649 2916 781 2967; x_wconf 85' lang='lat' dir='ltr'><strong>conatus</strong></span> <span class='ocrx_word' id='word_1_147' title='bbox 792 2916 934 2983; x_wconf 90' lang='lat' dir='ltr'><strong>evacuat,</strong></span> <span class='ocrx_word' id='word_1_148' title='bbox 946 2927 1045 2990; x_wconf 93' lang='lat' dir='ltr'><strong>quum</strong></span> <span class='ocrx_word' id='word_1_149' title='bbox 1061 2902 1165 2966; x_wconf 91' lang='lat' dir='ltr'><strong>omnia</strong></span> <span class='ocrx_word' id='word_1_150' title='bbox 1176 2924 1249 2984; x_wconf 87' lang='lat' dir='ltr'><strong>quae</strong></span> <span class='ocrx_word' id='word_1_151' title='bbox 1265 2902 1327 2964; x_wconf 90' lang='lat' dir='ltr'><strong>dis-</strong></span> 
     </span>
     <span class='ocr_line' id='line_1_23' title="bbox 376 3002 1326 3090; baseline -0.004 -22"><span class='ocrx_word' id='word_1_152' title='bbox 376 3004 483 3090; x_wconf 86' lang='lat' dir='ltr'><strong>posuit</strong></span> <span class='ocrx_word' id='word_1_153' title='bbox 499 3005 611 3067; x_wconf 88' lang='lat' dir='ltr'><strong>futura</strong></span> <span class='ocrx_word' id='word_1_154' title='bbox 626 3004 688 3068; x_wconf 91' lang='lat' dir='ltr'><strong>siut</strong></span> <span class='ocrx_word' id='word_1_155' title='bbox 704 3018 739 3069; x_wconf 91' lang='lat' dir='ltr'><strong>ut</strong></span> <span class='ocrx_word' id='word_1_156' title='bbox 756 3005 914 3090; x_wconf 88' lang='lat' dir='ltr'><strong>praevidit.</strong></span> <span class='ocrx_word' id='word_1_157' title='bbox 945 3005 1039 3081; x_wconf 85' lang='lat' dir='ltr'><strong>Quod</strong></span> <span class='ocrx_word' id='word_1_158' title='bbox 1062 3005 1146 3067; x_wconf 87' lang='lat' dir='ltr'><strong>forte</strong></span> <span class='ocrx_word' id='word_1_159' title='bbox 1172 3002 1326 3088; x_wconf 87' lang='lat' dir='ltr'><strong>Papinius</strong></span> 
     </span>
     <span class='ocr_line' id='line_1_24' title="bbox 378 3106 796 3192; baseline 0.007 -24"><span class='ocrx_word' id='word_1_160' title='bbox 378 3106 532 3171; x_wconf 88' lang='lat' dir='ltr'><strong>intellexit</strong></span> <span class='ocrx_word' id='word_1_161' title='bbox 549 3129 648 3192; x_wconf 92' lang='lat' dir='ltr'><strong>quum</strong></span> <span class='ocrx_word' id='word_1_162' title='bbox 665 3108 796 3184; x_wconf 91' lang='lat' dir='ltr'><strong>diceret,</strong></span> 
     </span>
     <span class='ocr_line' id='line_1_25' title="bbox 481 3221 1107 3291; baseline -0.003 -18"><span class='ocrx_word' id='word_1_163' title='bbox 481 3224 577 3291; x_wconf 86' lang='lat' dir='ltr'><strong>Incipit</strong></span> <span class='ocrx_word' id='word_1_164' title='bbox 588 3240 622 3274; x_wconf 83' lang='lat' dir='ltr'><strong>ex</strong></span> <span class='ocrx_word' id='word_1_165' title='bbox 634 3221 697 3286; x_wconf 87' lang='lat' dir='ltr'><strong>alto,</strong></span> <span class='ocrx_word' id='word_1_166' title='bbox 709 3240 788 3290; x_wconf 78' lang='lat' dir='ltr'><strong>grave</strong></span> <span class='ocrx_word' id='word_1_167' title='bbox 801 3227 827 3275; x_wconf 84' lang='lat' dir='ltr'><strong>et</strong></span> <span class='ocrx_word' id='word_1_168' title='bbox 839 3222 1000 3275; x_wconf 86' lang='lat' dir='ltr'><strong>immutabile</strong></span> <span class='ocrx_word' id='word_1_169' title='bbox 1012 3222 1107 3272; x_wconf 85' lang='lat' dir='ltr'><strong>sanetis</strong></span> 
     </span>
     <span class='ocr_line' id='line_1_26' title="bbox 482 3308 1151 3376; baseline -0.003 -17"><span class='ocrx_word' id='word_1_170' title='bbox 482 3309 589 3360; x_wconf 89' lang='lat' dir='ltr'><strong>Pondus</strong></span> <span class='ocrx_word' id='word_1_171' title='bbox 601 3308 676 3360; x_wconf 85' lang='lat' dir='ltr'><strong>adest</strong></span> <span class='ocrx_word' id='word_1_172' title='bbox 687 3309 782 3373; x_wconf 76' lang='lat' dir='ltr'><strong>verbiS,</strong></span> <span class='ocrx_word' id='word_1_173' title='bbox 795 3314 822 3361; x_wconf 87' lang='lat' dir='ltr'><strong>et</strong></span> <span class='ocrx_word' id='word_1_174' title='bbox 833 3326 923 3361; x_wconf 89' lang='lat' dir='ltr'><strong>vocem</strong></span> <span class='ocrx_word' id='word_1_175' title='bbox 935 3308 990 3360; x_wconf 87' lang='lat' dir='ltr'><strong>fata</strong></span> <span class='ocrx_word' id='word_1_176' title='bbox 1002 3312 1151 3376; x_wconf 84' lang='lat' dir='ltr'><strong>sequnntur.</strong></span> 
     </span>
    </p>

    <p class='ocr_par' dir='ltr' id='par_1_3' title="bbox 378 3409 1330 4405">
     <span class='ocr_line' id='line_1_27' title="bbox 380 3409 1328 3498; baseline -0.002 -22"><span class='ocrx_word' id='word_1_177' title='bbox 380 3413 488 3476; x_wconf 92' lang='lat' dir='ltr'><strong>Abeo</strong></span> <span class='ocrx_word' id='word_1_178' title='bbox 510 3435 585 3496; x_wconf 86' lang='lat' dir='ltr'><strong>ergo</strong></span> <span class='ocrx_word' id='word_1_179' title='bbox 600 3434 658 3475; x_wconf 89' lang='lat' dir='ltr'><strong>sua</strong></span> <span class='ocrx_word' id='word_1_180' title='bbox 679 3425 819 3498; x_wconf 90' lang='lat' dir='ltr'><strong>potestas</strong></span> <span class='ocrx_word' id='word_1_181' title='bbox 840 3412 998 3477; x_wconf 88' lang='lat' dir='ltr'><strong>attributa</strong></span> <span class='ocrx_word' id='word_1_182' title='bbox 1019 3424 1066 3474; x_wconf 90' lang='lat' dir='ltr'><strong>est</strong></span> <span class='ocrx_word' id='word_1_183' title='bbox 1089 3409 1222 3495; x_wconf 87' lang='lat' dir='ltr'><strong>singulis</strong></span> <span class='ocrx_word' id='word_1_184' title='bbox 1243 3433 1328 3474; x_wconf 87' lang='lat' dir='ltr'><strong>orea-</strong></span> 
     </span>
     <span class='ocr_line' id='line_1_28' title="bbox 380 3513 1328 3599; baseline -0.002 -21"><span class='ocrx_word' id='word_1_185' title='bbox 380 3518 472 3589; x_wconf 88' lang='lat' dir='ltr'><strong>turis,</strong></span> <span class='ocrx_word' id='word_1_186' title='bbox 488 3515 520 3576; x_wconf 92' lang='lat' dir='ltr'><strong>in</strong></span> <span class='ocrx_word' id='word_1_187' title='bbox 543 3513 660 3597; x_wconf 89' lang='lat' dir='ltr'><strong>quibus</strong></span> <span class='ocrx_word' id='word_1_188' title='bbox 683 3535 745 3575; x_wconf 91' lang='lat' dir='ltr'><strong>non</strong></span> <span class='ocrx_word' id='word_1_189' title='bbox 768 3514 910 3599; x_wconf 89' lang='lat' dir='ltr'><strong>oportuit</strong></span> <span class='ocrx_word' id='word_1_190' title='bbox 930 3513 1070 3577; x_wconf 88' lang='lat' dir='ltr'><strong>coelestia</strong></span> <span class='ocrx_word' id='word_1_191' title='bbox 1090 3517 1194 3576; x_wconf 89' lang='lat' dir='ltr'><strong>locum</strong></span> <span class='ocrx_word' id='word_1_192' title='bbox 1220 3526 1328 3577; x_wconf 88' lang='lat' dir='ltr'><strong>tencre</strong></span> 
     </span>
     <span class='ocr_line' id='line_1_29' title="bbox 379 3614 1328 3699; baseline -0.001 -20"><span class='ocrx_word' id='word_1_193' title='bbox 379 3616 595 3692; x_wconf 90' lang='lat' dir='ltr'><strong>novissimum,</strong></span> <span class='ocrx_word' id='word_1_194' title='bbox 611 3628 642 3678; x_wconf 91' lang='lat' dir='ltr'><strong>et</strong></span> <span class='ocrx_word' id='word_1_195' title='bbox 659 3637 731 3699; x_wconf 82' lang='lat' dir='ltr'><strong>quae</strong></span> <span class='ocrx_word' id='word_1_196' title='bbox 752 3615 898 3698; x_wconf 88' lang='lat' dir='ltr'><strong>digniora</strong></span> <span class='ocrx_word' id='word_1_197' title='bbox 914 3628 987 3678; x_wconf 92' lang='lat' dir='ltr'><strong>sunt</strong></span> <span class='ocrx_word' id='word_1_198' title='bbox 1008 3614 1088 3688; x_wconf 89' lang='lat' dir='ltr'><strong>aliis,</strong></span> <span class='ocrx_word' id='word_1_199' title='bbox 1105 3614 1220 3677; x_wconf 88' lang='lat' dir='ltr'><strong>habere</strong></span> <span class='ocrx_word' id='word_1_200' title='bbox 1236 3614 1328 3679; x_wconf 89' lang='lat' dir='ltr'><strong>mini·</strong></span> 
     </span>
     <span class='ocr_line' id='line_1_30' title="bbox 379 3715 1328 3803; baseline -0.005 -20"><span class='ocrx_word' id='word_1_201' title='bbox 379 3741 465 3783; x_wconf 94' lang='lat' dir='ltr'><strong>mum</strong></span> <span class='ocrx_word' id='word_1_202' title='bbox 481 3717 653 3803; x_wconf 86' lang='lat' dir='ltr'><strong>potestatis.</strong></span> <span class='ocrx_word' id='word_1_203' title='bbox 699 3716 757 3779; x_wconf 89' lang='lat' dir='ltr'><strong>Eis</strong></span> <span class='ocrx_word' id='word_1_204' title='bbox 772 3719 880 3800; x_wconf 89' lang='lat' dir='ltr'><strong>itaque</strong></span> <span class='ocrx_word' id='word_1_205' title='bbox 891 3729 1047 3801; x_wconf 89' lang='lat' dir='ltr'><strong>quantum</strong></span> <span class='ocrx_word' id='word_1_206' title='bbox 1064 3715 1165 3780; x_wconf 92' lang='lat' dir='ltr'><strong>voluit</strong></span> <span class='ocrx_word' id='word_1_207' title='bbox 1181 3716 1328 3797; x_wconf 89' lang='lat' dir='ltr'><strong>contulit,</strong></span> 
     </span>
     <span class='ocr_line' id='line_1_31' title="bbox 381 3815 1326 3906; baseline -0.005 -23"><span class='ocrx_word' id='word_1_208' title='bbox 381 3820 436 3906; x_wconf 91' lang='lat' dir='ltr'><strong>qui</strong></span> <span class='ocrx_word' id='word_1_209' title='bbox 451 3822 510 3883; x_wconf 88' lang='lat' dir='ltr'><strong>etsi</strong></span> <span class='ocrx_word' id='word_1_210' title='bbox 526 3817 585 3881; x_wconf 90' lang='lat' dir='ltr'><strong>sibi</strong></span> <span class='ocrx_word' id='word_1_211' title='bbox 605 3815 770 3879; x_wconf 90' lang='lat' dir='ltr'><strong>retinuerit</strong></span> <span class='ocrx_word' id='word_1_212' title='bbox 788 3816 893 3899; x_wconf 89' lang='lat' dir='ltr'><strong>operis</strong></span> <span class='ocrx_word' id='word_1_213' title='bbox 915 3816 1141 3902; x_wconf 88' lang='lat' dir='ltr'><strong>principatum,</strong></span> <span class='ocrx_word' id='word_1_214' title='bbox 1164 3818 1326 3901; x_wconf 88' lang='lat' dir='ltr'><strong>signorum</strong></span> 
     </span>
     <span class='ocr_line' id='line_1_32' title="bbox 378 3914 1328 4001; baseline -0.004 -17"><span class='ocrx_word' id='word_1_215' title='bbox 378 3920 442 3985; x_wconf 92' lang='lat' dir='ltr'><strong>illis</strong></span> <span class='ocrx_word' id='word_1_216' title='bbox 472 3918 511 3982; x_wconf 89' lang='lat' dir='ltr'><strong>ad</strong></span> <span class='ocrx_word' id='word_1_217' title='bbox 535 3918 638 3980; x_wconf 88' lang='lat' dir='ltr'><strong>minus</strong></span> <span class='ocrx_word' id='word_1_218' title='bbox 659 3914 776 3980; x_wconf 87' lang='lat' dir='ltr'><strong>indixit</strong></span> <span class='ocrx_word' id='word_1_219' title='bbox 798 3917 1000 4001; x_wconf 91' lang='lat' dir='ltr'><strong>obsequium.</strong></span> <span class='ocrx_word' id='word_1_220' title='bbox 1056 3916 1153 3980; x_wconf 92' lang='lat' dir='ltr'><strong>Unde</strong></span> <span class='ocrx_word' id='word_1_221' title='bbox 1181 3919 1242 3982; x_wconf 89' lang='lat' dir='ltr'><strong>etsi</strong></span> <span class='ocrx_word' id='word_1_222' title='bbox 1265 3939 1328 3981; x_wconf 91' lang='lat' dir='ltr'><strong>non</strong></span> 
     </span>
     <span class='ocr_line' id='line_1_33' title="bbox 381 4018 1330 4108; baseline -0.004 -23"><span class='ocrx_word' id='word_1_223' title='bbox 381 4044 464 4108; x_wconf 91' lang='lat' dir='ltr'><strong>saepe</strong></span> <span class='ocrx_word' id='word_1_224' title='bbox 478 4022 595 4085; x_wconf 90' lang='lat' dir='ltr'><strong>faciant</strong></span> <span class='ocrx_word' id='word_1_225' title='bbox 617 4040 714 4103; x_wconf 87' lang='lat' dir='ltr'><strong>opera</strong></span> <span class='ocrx_word' id='word_1_226' title='bbox 731 4018 903 4101; x_wconf 88' lang='lat' dir='ltr'><strong>signorum,</strong></span> <span class='ocrx_word' id='word_1_227' title='bbox 918 4031 1022 4081; x_wconf 89' lang='lat' dir='ltr'><strong>tamen</strong></span> <span class='ocrx_word' id='word_1_228' title='bbox 1039 4031 1168 4081; x_wconf 89' lang='lat' dir='ltr'><strong>auctore</strong></span> <span class='ocrx_word' id='word_1_229' title='bbox 1184 4022 1256 4083; x_wconf 89' lang='lat' dir='ltr'><strong>Deo</strong></span> <span class='ocrx_word' id='word_1_230' title='bbox 1275 4042 1330 4081; x_wconf 88' lang='lat' dir='ltr'><strong>ex-</strong></span> 
     </span>
     <span class='ocr_line' id='line_1_34' title="bbox 380 4117 1329 4194; baseline -0.002 -10"><span class='ocrx_word' id='word_1_231' title='bbox 380 4123 491 4186; x_wconf 88' lang='lat' dir='ltr'><strong>hibent</strong></span> <span class='ocrx_word' id='word_1_232' title='bbox 514 4118 696 4183; x_wconf 88' lang='lat' dir='ltr'><strong>ministeria.</strong></span> <span class='ocrx_word' id='word_1_233' title='bbox 741 4121 828 4183; x_wconf 91' lang='lat' dir='ltr'><strong>Hinc</strong></span> <span class='ocrx_word' id='word_1_234' title='bbox 850 4119 933 4181; x_wconf 89' lang='lat' dir='ltr'><strong>forte</strong></span> <span class='ocrx_word' id='word_1_235' title='bbox 962 4117 1054 4194; x_wconf 90' lang='lat' dir='ltr'><strong>illud,</strong></span> <span class='ocrx_word' id='word_1_236' title='bbox 1079 4117 1160 4180; x_wconf 90' lang='lat' dir='ltr'><strong>Coeli</strong></span> <span class='ocrx_word' id='word_1_237' title='bbox 1182 4131 1329 4182; x_wconf 89' lang='lat' dir='ltr'><strong>enarrant</strong></span> 
     </span>
     <span class='ocr_line' id='line_1_35' title="bbox 383 4217 1329 4306; baseline -0.006 -21"><span class='ocrx_word' id='word_1_238' title='bbox 383 4224 514 4306; x_wconf 87' lang='lat' dir='ltr'><strong>glorium</strong></span> <span class='ocrx_word' id='word_1_239' title='bbox 532 4220 606 4295; x_wconf 89' lang='lat' dir='ltr'><strong>Dei,</strong></span> <span class='ocrx_word' id='word_1_240' title='bbox 623 4233 654 4282; x_wconf 91' lang='lat' dir='ltr'><strong>et</strong></span> <span class='ocrx_word' id='word_1_241' title='bbox 669 4242 765 4304; x_wconf 91' lang='lat' dir='ltr'><strong>opera</strong></span> <span class='ocrx_word' id='word_1_242' title='bbox 787 4241 939 4281; x_wconf 89' lang='lat' dir='ltr'><strong>manuum</strong></span> <span class='ocrx_word' id='word_1_243' title='bbox 955 4220 1024 4303; x_wconf 85' lang='lat' dir='ltr'><strong>ejus</strong></span> <span class='ocrx_word' id='word_1_244' title='bbox 1039 4217 1209 4282; x_wconf 89' lang='lat' dir='ltr'><strong>annunciat</strong></span> <span class='ocrx_word' id='word_1_245' title='bbox 1224 4218 1329 4280; x_wconf 86' lang='lat' dir='ltr'><strong>firma-</strong></span> 
     </span>
     <span class='ocr_line' id='line_1_36' title="bbox 386 4318 1329 4405; baseline -0.008 -19"><span class='ocrx_word' id='word_1_246' title='bbox 386 4337 536 4388; x_wconf 90' lang='lat' dir='ltr'><strong>mentum.</strong></span> <span class='ocrx_word' id='word_1_247' title='bbox 582 4323 650 4385; x_wconf 90' lang='lat' dir='ltr'><strong>Nec</strong></span> <span class='ocrx_word' id='word_1_248' title='bbox 666 4322 791 4402; x_wconf 88' lang='lat' dir='ltr'><strong>mirum,</strong></span> <span class='ocrx_word' id='word_1_249' title='bbox 807 4343 908 4405; x_wconf 90' lang='lat' dir='ltr'><strong>quum</strong></span> <span class='ocrx_word' id='word_1_250' title='bbox 925 4332 957 4384; x_wconf 89' lang='lat' dir='ltr'><strong>et</strong></span> <span class='ocrx_word' id='word_1_251' title='bbox 972 4342 1055 4392; x_wconf 86' lang='lat' dir='ltr'><strong>aves,</strong></span> <span class='ocrx_word' id='word_1_252' title='bbox 1071 4332 1102 4383; x_wconf 90' lang='lat' dir='ltr'><strong>et</strong></span> <span class='ocrx_word' id='word_1_253' title='bbox 1117 4318 1177 4383; x_wconf 90' lang='lat' dir='ltr'><strong>alia</strong></span> <span class='ocrx_word' id='word_1_254' title='bbox 1192 4318 1329 4403; x_wconf 90' lang='lat' dir='ltr'><strong>plurima</strong></span> 
     </span>
    </p>
   </div>
   <div class='ocr_carea' id='block_1_3' title="bbox 0 0 1718 5234">
    <p class='ocr_par' dir='ltr' id='par_1_4' title="bbox 0 0 1718 5234">
     <span class='ocr_line' id='line_1_37' title="bbox 0 0 1718 5234; baseline 0 0"><span class='ocrx_word' id='word_1_255' title='bbox 0 0 1718 5234; x_wconf 95' lang='lat' dir='ltr'><strong> </strong></span> 
     </span>
    </p>
   </div>
  </div>
 </body>
</html>
