3384 5234
408 678 471 736 292
668 691 804 735 roarvms
820 689 1099 734 saansanamrvsrs
1224 678 1306 751 [nra.
1324 690 1357 735 r.

405 842 490 929 quod
505 841 621 905 litterae
641 842 710 926 ejus
731 840 928 925 antigraphae
949 841 1130 904 ostendunt.
1177 841 1216 905 ln
1238 841 1357 928 quibus

404 947 504 1029 quum
519 943 639 1029 aliquid
664 964 826 1028 nunquam
850 943 991 1006 futurum
1007 943 1168 1019 credebat,
1183 943 1264 1008 illud
1286 943 1355 1007 fore

402 1044 530 1108 dicebat
554 1045 594 1109 ad
626 1045 789 1109 Kalendas
818 1050 958 1111 Groecas.
1020 1044 1222 1110 Masinissam
1252 1068 1353 1110 nona·

400 1146 557 1230 gesimum
574 1145 677 1210 aetatis
691 1168 810 1210 annum
826 1157 987 1229 agentern,
1003 1146 1136 1212 meridie
1150 1160 1225 1211 ante
1244 1147 1352 1211 tabor-

399 1248 550 1313 naculum
576 1259 724 1328 stantem,
747 1250 798 1313 vel
824 1248 1054 1328 ambulantem,
1080 1271 1193 1334 capere
1219 1249 1347 1314 solitum

398 1350 485 1414 cibos
500 1349 645 1434 legimus.
691 1354 727 1415 C.
746 1349 862 1414 Curius
877 1372 977 1435 quum
992 1349 1083 1414 victis
1097 1350 1139 1415 ab
1154 1373 1193 1413 eo
1210 1351 1348 1427 Sabinis,

396 1473 436 1515 ex
454 1452 590 1515 Senatus
605 1450 748 1514 consulto
762 1450 969 1535 ampliaretur
982 1449 1012 1513 ei
1029 1450 1142 1514 modus
1155 1450 1233 1534 agri,
1249 1473 1347 1537 quern

396 1553 605 1619 consummati
628 1553 745 1617 milites
766 1551 977 1636 accipiebant,
999 1551 1175 1636 gregalium
1202 1554 1347 1638 portione

395 1666 562 1720 contentus
588 1653 657 1730 luit,
681 1652 801 1717 malum
825 1654 926 1717 civem
953 1651 1071 1729 dicens,
1095 1653 1146 1716 cui
1173 1675 1236 1716 non
1262 1669 1347 1719 osset

393 1760 490 1834 idem,
506 1756 591 1843 quod
608 1756 740 1830 caeteris,
757 1754 840 1820 satis.
881 1753 1029 1818 Universi
1045 1776 1171 1841 quoque
1186 1755 1345 1820 exercitus

393 1883 478 1946 saepe
493 1858 641 1924 notabilis
655 1857 716 1921 suit
730 1855 935 1931 continentia,
951 1854 1033 1919 sicut
1047 1855 1116 1940 ejus
1137 1854 1193 1942 qui
1214 1857 1274 1920 sub
1291 1856 1342 1924 M.

394 1964 514 2026 Scauro
540 1961 696 2043 insignem
725 1958 858 2042 gloriam
885 1958 1011 2023 meruit.
1062 1957 1146 2021 Nam
1176 1960 1341 2023 memoriae

390 2061 520 2125 tradidit
537 2062 674 2124 Scaurus
689 2057 917 2122 continentiam
930 2058 1117 2123 militarem:
1141 2059 1342 2145 pomiferam,

389 2161 502 2248 inquit,
534 2163 690 2240 arborem,
719 2182 816 2246 quam
845 2160 878 2222 in
915 2159 997 2245 pede
1033 2172 1205 2225 castrorum
1235 2162 1341 2228 fuerat

389 2261 554 2347 complexa
569 2260 710 2336 metatio,
727 2271 887 2345 postremo
902 2259 953 2323 dis
977 2261 1217 2326 concinentibus
1232 2285 1340 2329 aeuea-

387 2366 518 2443 toribus,
534 2377 568 2427 et
589 2362 781 2428 abeuntibus
803 2363 905 2442 nobis,
924 2363 1049 2428 intactis
1071 2365 1226 2430 fructibus
1247 2389 1337 2431 exer-

386 2469 467 2533 citus
503 2467 632 2553 reliquit
667 2466 861 2531 indemnem.
923 2466 1083 2551 Auspiciis
1117 2489 1193 2552 ergo
1229 2469 1337 2554 Impe-

385 2569 507 2633 ratoriis
524 2567 658 2633 Caesaris
674 2565 851 2630 Domitiani
870 2565 1006 2649 Augusti
1022 2566 1216 2632 Germanico
1237 2569 1335 2648 bello,

384 2672 469 2759 quod
498 2670 602 2735 Julius
632 2668 742 2735 Civilis
770 2669 804 2731 in
835 2668 942 2733 Gallia
968 2684 1120 2746 moverat,
1151 2672 1334 2757 Lingonum

383 2774 622 2860 opulentissima
651 2771 769 2846 civitas,
799 2792 873 2856 qnae
909 2773 950 2835 ad
981 2771 1116 2836 Civilem
1147 2774 1333 2853 desciverat,

381 2898 481 2964 quum
497 2874 720 2940 advenientem
736 2873 777 2937 ab
793 2874 934 2937 exercitu
948 2874 1082 2939 Caesaris
1093 2876 1332 2961 populationem

379 2981 518 3055 timeret,
535 2976 621 3063 quod
645 2987 761 3060 praeter
784 2997 874 3060 spem
897 2975 1057 3056 inviolata,
1072 2977 1151 3041 nihil
1173 3002 1213 3042 ex
1235 2980 1331 3045 rebus

378 3080 442 3145 suis
472 3078 629 3153 amiserat,
662 3077 702 3141 ad
736 3076 925 3163 obsequium
961 3079 1099 3156 redacta,
1128 3082 1331 3167 septuaginta

377 3184 478 3248 millia
492 3194 685 3247 armatorum
700 3179 831 3244 tradidit
846 3180 935 3246 mihi.
981 3182 1125 3247 Lucilius
1150 3185 1330 3252 Mummius

377 3288 432 3375 qui
460 3286 614 3353 Corintho
639 3295 731 3369 capta
757 3305 819 3346 non
849 3283 975 3348 Italiam
1005 3286 1118 3365 solnm,
1145 3287 1200 3350 sed
1229 3288 1327 3353 etiam

375 3384 568 3472 provinciam
595 3382 712 3446 tabulis
738 3382 912 3469 statuisque
938 3384 1111 3464 exornavit,
1136 3386 1216 3450 adeo
1245 3385 1327 3452 nihil

374 3511 414 3551 ex
430 3486 588 3551 manubiis
603 3485 698 3549 tantis
713 3484 745 3548 in
762 3506 855 3548 sunm
876 3487 1031 3550 convertit
1055 3510 1157 3563 usum,
1175 3500 1211 3553 nt
1225 3488 1325 3554 filiam

374 3589 442 3671 ejus
454 3590 581 3672 inopem
596 3590 731 3651 Senatus
742 3607 781 3650 ex
792 3586 922 3673 publico
933 3588 1097 3655 dotaverit.
1137 3589 1325 3655 Constantia

373 3712 500 3777 quoque
523 3712 622 3774 quum
638 3713 678 3754 ex
694 3690 837 3775 pluribus
859 3687 1136 3775 strategematibus
1158 3704 1274 3775 pateat,
1290 3692 1324 3756 in

371 3792 487 3856 virtute
517 3791 733 3856 Romanorum
762 3791 900 3855 maxime
927 3791 1034 3855 claret.
1081 3791 1201 3853 Eorum
1224 3791 1324 3877 siqui-

370 3894 445 3958 dem
474 3893 711 3978 magnificentia
739 3904 773 3955 et
799 3891 925 3966 virtute,
952 3891 978 3953 si
1005 3893 1148 3955 omniurn
1174 3892 1319 3977 gentium

368 3996 507 4061 historiae
537 3996 747 4074 revolvantur,
773 3991 850 4055 nihil
880 3992 995 4057 clarius
1024 3992 1120 4058 lucet.
1167 3994 1320 4063 Declarat

368 4100 428 4163 hoc
448 4098 633 4185 amplissimi
648 4094 797 4181 splendor
822 4094 962 4180 lmperii,
977 4119 1042 4184 qno
1066 4095 1188 4161 nullum
1215 4100 1319 4184 majus

366 4203 408 4268 ab
433 4202 573 4281 exordio,
604 4219 709 4285 neque
737 4196 911 4283 majoribus
939 4198 1144 4265 incrementis
1173 4223 1321 4286 processu

366 4306 517 4385 continuo
542 4303 720 4379 dilatatum,
745 4301 885 4367 humana
910 4315 1013 4389 potest
1036 4304 1191 4369 memoria
1214 4325 1320 4370 recor-
