3384 5234
363 670 427 729 898
625 681 762 725 ioannis
777 678 1055 723 sauusuunrausrs
1184 662 1277 743 [nra.
1296 680 1331 727 ν.

363 833 473 897 rabilis
489 834 602 897 doctor
615 834 648 896 in
665 835 735 914 lege
762 831 907 907 Domini,
924 832 1029 895 dicere
1045 843 1272 908 consueverat,
1290 833 1331 895 in

364 957 497 1019 quorum
529 937 676 999 manibus
709 936 892 1018 iniquitates
926 945 1011 1009 sunt,
1039 934 1170 998 dextera
1206 955 1330 997 eorum

364 1038 486 1120 repleta
514 1047 563 1100 est
594 1033 800 1100 munoribus?
846 1035 1081 1098 Felicissimum
1113 1055 1221 1114 regem
1253 1035 1330 1097 An-

365 1138 501 1219 glorum,
532 1149 565 1200 et
594 1136 813 1211 Normanniae‚
849 1144 880 1197 et
909 1134 1089 1218 Aquitaniae
1125 1134 1233 1197 adhuc
1271 1135 1336 1198 in·-

364 1239 572 1303 victissimum
599 1238 725 1315 ducem,
752 1238 925 1317 interroga,
953 1236 1033 1320 quid
1062 1236 1157 1298 etiam
1182 1234 1225 1298 de
1252 1235 1328 1299 suis

364 1341 489 1420 sentiat,
504 1362 585 1425 quos
609 1339 753 1414 intrudit,
781 1351 814 1402 et
839 1338 936 1413 dicet,
962 1348 998 1401 ut
1024 1337 1147 1421 opinor,
1170 1338 1250 1399 Non
1271 1348 1329 1400 est

366 1445 484 1506 malum
499 1444 532 1505 in
548 1445 644 1521 clero,
661 1441 749 1524 quod
760 1442 812 1505 isti
824 1463 888 1504 non
907 1441 1035 1505 faciant.
1079 1440 1326 1523 Episcoporum

366 1564 482 1607 nomen
500 1555 533 1607 et
546 1544 688 1606 officium
702 1541 881 1605 venerabile
897 1552 955 1619 est,
971 1542 997 1604 si
1021 1552 1111 1606 tanta
1134 1542 1330 1624 impleretur

368 1641 595 1722 sollicitudine,
609 1653 731 1727 quanta
744 1641 905 1704 interdum
921 1642 1038 1725 petitur
1052 1641 1236 1705 ambitione.
1274 1642 1328 1705 Et

368 1746 574 1828 diligerentur
600 1754 637 1808 ut
658 1756 775 1828 patres,
798 1744 985 1806 timerentur
1010 1756 1046 1806 ut
1071 1742 1202 1820 domini,
1234 1740 1330 1806 cole..

367 1860 475 1911 rentur
498 1859 534 1911 ut
556 1847 669 1925 sancti,
692 1846 719 1909 si
743 1846 967 1909 exactionibus
990 1856 1168 1928 parcerent,
1191 1855 1223 1907 et
1246 1866 1327 1927 pro-

364 1951 502 2032 jicerent
517 1972 558 2013 ex
576 1950 682 2013 animo
699 1948 854 2033 quicquid
869 1948 1016 2031 provenit
1036 1968 1078 2010 ex
1102 1946 1273 2021 calumnia,
1291 1957 1327 2009 et

369 2071 496 2112 omnem
513 2062 671 2133 quaestum
686 2046 817 2110 minime
833 2047 1000 2111 crederent
1014 2046 1175 2129 pietatem.
1216 2045 1327 2110 Caete-

368 2172 438 2214 rum
464 2152 527 2213 sibi
553 2150 764 2212 reverentiam
791 2149 983 2211 subtrabunt
1007 2157 1040 2211 et
1065 2169 1215 2221 amorem,
1244 2149 1325 2211 dum

367 2253 503 2314 honores
518 2250 674 2328 ambiunt,
688 2249 857 2332 pecuniam
883 2250 1029 2333 cupiunt,
1052 2262 1084 2314 et
1108 2250 1156 2312 vel
1180 2271 1255 2313 suas
1278 2252 1329 2315 fa·

368 2353 469 2431 ciunt,
495 2354 543 2416 vel
578 2352 698 2416 alienas
725 2352 901 2414 calumnias
938 2352 1055 2415 fovent.
1110 2354 1156 2416 Et
1190 2350 1326 2436 quidem

368 2454 480 2518 nescio
503 2453 667 2540 quomodo
690 2463 799 2517 notam
823 2464 856 2516 et
880 2475 1008 2537 poenam
1034 2475 1161 2517 omnem
1185 2454 1327 2517 evadant

370 2556 429 2640 qui
455 2556 657 2620 exactionem
685 2557 782 2619 totius
805 2555 995 2619 calumniosi
1029 2568 1167 2640 quaestus
1194 2555 1256 2619 sibi
1281 2556 1326 2619 ad

369 2658 475 2722 miuus
500 2659 625 2722 bessem
645 2657 826 2722 vendicant.
871 2660 957 2720 Nam
980 2668 1036 2720 aut
1062 2656 1199 2722 solidum
1221 2678 1325 2721 assem

370 2771 525 2842 usurpant
549 2760 622 2837 sibi,
638 2770 693 2823 aut
716 2770 752 2822 ut
773 2760 921 2832 multum,
938 2759 1084 2823 trientem
1101 2759 1259 2823 duntaxat
1274 2782 1324 2824 ar·

371 2859 569 2926 ebidiaconis
595 2872 627 2924 et
651 2861 723 2923 aliis
749 2860 951 2938 officialibus
974 2881 1015 2923 ne
1039 2858 1145 2924 dicam
1170 2883 1242 2925 cum
1265 2884 1324 2945 po-

274 2988 277 2995 ·
371 2964 449 3048 pulo
473 2963 627 3027 ministris
651 2963 840 3048 iniquitatis,
868 2962 995 3027 cedunt.
1053 2963 1117 3027 Sed
1140 2985 1200 3027 nec
1224 2965 1326 3045 legati

373 3064 459 3128 sedis
489 3065 687 3149 apostolicae,
718 3085 830 3126 manus
863 3084 936 3127 suas
966 3065 1135 3129 excutiunt
1162 3069 1206 3129 'ab
1237 3067 1327 3129 omni

372 3188 514 3245 munere,
529 3168 584 3250 qui
599 3165 758 3229 interdum
773 3166 806 3230 in
824 3166 998 3249 provinciis
1013 3168 1058 3231 ita
1076 3168 1327 3247 debacchantur,

373 3289 410 3332 ac
427 3269 454 3332 si
469 3267 511 3330 ad
534 3266 701 3330 ecclesiam
724 3265 950 3347 flagellandam
973 3288 1118 3347 egressus
1141 3269 1182 3332 sit
1204 3268 1327 3332 Sathan

375 3392 395 3435 a
408 3370 493 3435 faeie
508 3368 653 3432 Domini.
700 3369 898 3432 Concutiunt
914 3371 1048 3451 angulos
1062 3370 1187 3448 domus,
1202 3382 1237 3433 ut
1251 3391 1325 3452 pro-

374 3483 516 3538 sternant
530 3471 615 3537 filios
630 3482 662 3536 et
680 3471 763 3535 filias
778 3470 860 3555 ejus,
876 3472 930 3556 qui
952 3472 1122 3553 languores
1145 3485 1176 3536 et
1198 3473 1326 3536 dolores

375 3578 551 3639 animarum
579 3577 701 3640 curarit
724 3575 758 3638 in
786 3596 892 3639 cruce.
949 3574 1160 3639 Commovent
1191 3585 1223 3639 et
1248 3596 1326 3637 con·

374 3678 505 3739 turbant
530 3689 657 3752 terram,
696 3689 731 3742 ut
757 3677 923 3741 videantur
953 3676 1072 3741 habere
1098 3678 1187 3761 quod
1221 3678 1327 3739 sanari

374 3784 527 3860 oporteat.
585 3778 651 3839 Hic
677 3789 782 3840 tamen
807 3798 872 3839 uon
896 3777 936 3839 de
963 3780 1112 3842 omnibus
1136 3797 1237 3841 sermo
1264 3787 1325 3850 est,

378 3876 433 3943 sed
449 3875 488 3940 de
504 3876 555 3938 his
572 3876 627 3961 qui
652 3879 752 3959 patris
778 3878 941 3941 voluntate
967 3888 1160 3961 contempta,
1186 3877 1327 3940 serviunt

377 4000 453 4043 suae.
509 3977 644 4040 Constat
674 3976 760 4039 enim
786 3978 862 4060 quia
891 3979 925 4041 in
955 3982 1042 4043 omni
1077 3979 1183 4042 officio
1213 3978 1327 4041 domus

377 4079 510 4155 domini,
525 4079 571 4142 sic
586 4078 807 4161 relinquuntur
822 4080 962 4161 quidam,
978 4092 1013 4144 ut
1037 4079 1090 4143 alii
1116 4091 1325 4142 assumantur.

376 4181 453 4244 Vidi
469 4202 530 4261 ogo
545 4182 614 4264 ipse
642 4182 674 4243 in
691 4181 839 4244 omnibus
866 4182 927 4260 his,
953 4180 1093 4245 decanos
1118 4181 1252 4259 scilicet,
1277 4202 1326 4243 ar·

375 4283 595 4364 chidiacon0s‚
609 4284 792 4368 episcopos
815 4296 846 4348 et
861 4284 993 4366 legatos,
1009 4294 1097 4348 tauta
1122 4283 1325 4349 solicitudine
