3384 5234
399 652 464 711 316
660 668 797 714 sosssrs
814 668 1095 715 sanesssaressrs
1221 656 1307 735 [nm.
1325 676 1357 719 r.

401 819 573 904 propitium
599 822 785 883 sustinuerit
809 823 944 885 hostem.
989 827 1032 887 At
1054 826 1089 887 in
1115 826 1265 907 litigiosis
1290 827 1358 891 dis·

400 919 620 1001 putationibus
651 934 684 984 et
718 921 1009 989 declamationibus
1041 927 1255 1004 scholasticis,
1283 930 1357 991 sine

401 1021 544 1103 periculo
559 1022 620 1084 isto
642 1023 704 1085 ista
724 1039 898 1087 versantur.
944 1027 1011 1090 Sed
1033 1030 1088 1091 ubi
1103 1028 1144 1091 ad
1160 1029 1262 1091 sorum
1278 1051 1357 1092 ren·

401 1137 467 1185 tum
483 1134 542 1197 est,
557 1124 590 1187 in
606 1146 670 1209 quo
689 1126 793 1189 inanis
813 1129 985 1190 ostentatio
1005 1130 1126 1211 ingenii
1142 1131 1356 1214 conquiescit,

400 1237 433 1288 et
448 1227 530 1290 seria
545 1226 703 1292 duntaxat
723 1230 892 1311 agitantur,
906 1231 975 1292 sine
990 1233 1135 1314 periculo
1148 1233 1358 1313 litigatorum,

402 1340 456 1392 aut
461 1327 594 1413 judicis,
604 1330 636 1393 iu
649 1332 818 1395 sententiae
830 1332 956 1395 calculo
967 1354 1032 1395 non
1045 1348 1174 1397 erratur.
1211 1335 1283 1397 Nec
1296 1348 1358 1411 est,

402 1443 438 1496 ut
452 1433 576 1516 opinor,
591 1434 764 1517 quicquam
785 1431 905 1507 utilius,
921 1455 1014 1517 quam
1032 1435 1212 1518 periculum
1226 1434 1359 1513 differri,

402 1533 430 1595 si
455 1535 588 1597 omuino
610 1535 701 1598 vitari
723 1556 787 1598 non
815 1546 932 1618 potest.
977 1536 1220 1618 Iniquissimum
1244 1545 1355 1600 tamen

402 1647 461 1709 cst,
472 1635 580 1720 jurgia
599 1637 759 1718 protelari,
780 1657 877 1720 quum
893 1637 1074 1699 alterutrius
1085 1637 1277 1717 litigantium
1298 1660 1357 1720 pe·

402 1737 556 1802 riclitatur
580 1738 710 1812 utilitas,
733 1748 766 1801 et
789 1737 834 1800 rei
856 1737 1028 1800 difficultas
1051 1759 1170 1799 moram
1190 1758 1255 1800 non
1278 1760 1358 1802 con-

403 1840 505 1903 trahit
544 1838 708 1923 Quicquid
719 1838 816 1921 igitur
827 1839 973 1923 expediri
985 1851 1100 1922 potest,
1111 1840 1359 1903 accelerandum

404 1948 454 2001 cst
463 1961 471 2014 ;
495 1938 581 2022 (quod
597 1939 789 2003 consultiore
805 1949 942 2003 tractatu
957 1937 1091 2020 indiget,
1106 1938 1327 2002 differendum.

404 2146 484 2229 Cap.
504 2152 552 2210 13.
583 2150 742 2221 Quomodo
760 2150 930 2231 judicium
953 2151 1062 2214 debeat
1083 2150 1245 2230 ordinari,
1266 2152 1360 2216 etde

445 2248 646 2327 conceptimre
666 2252 862 2312 sacramenti
883 2253 1067 2326 calumnie,
1084 2252 1169 2333 quod
1189 2273 1229 2315 ea
1249 2272 1358 2315 neces·

445 2352 542 2415 situle
565 2359 724 2435 prestant
749 2359 837 2417 actor
862 2364 893 2418 et
919 2377 1003 2434 reus,
1029 2363 1061 2420 et
1086 2356 1166 2438 quid
1188 2357 1359 2419 immineat

446 2450 505 2526 illi,
522 2455 580 2538 qut
591 2455 819 2533 jurameutum
837 2456 945 2521 subire
967 2458 1130 2532 detrectat,
1146 2463 1177 2519 et
1196 2457 1235 2518 de
1248 2476 1359 2519 sacra·

446 2565 552 2622 mento
573 2559 810 2637 advocatarum,
826 2566 858 2622 et
874 2579 971 2642 poeaa
990 2562 1272 2636 calumniatorum,
1291 2562 1360 2622 sive

444 2662 745 2741 praevaricantium,
760 2670 823 2724 aut
839 2664 1133 2744 terqiversaatc'um.

448 2789 503 2850 Ur
524 2809 599 2850 vero
618 2809 722 2851 rerum
743 2788 858 2850 veritas
873 2789 968 2850 citius
988 2789 1165 2865 illucescat,
1183 2787 1359 2868 litigatores

404 2889 502 2971 ipsos,
527 2908 679 2972 personas
710 2888 858 2952 videlicet
888 2890 1094 2972 principales,
1119 2910 1185 2952 non
1212 2900 1286 2951 ante
1316 2888 1359 2951 ad

334 3068 340 3083 ,
404 2990 491 3054 litem
510 2989 616 3075 judex
639 2990 794 3069 admittet,
819 3012 913 3074 quam
938 2992 968 3053 ei
990 2992 1132 3075 praestito
1159 3005 1359 3054 sacramento

405 3091 640 3168 saciantfidem,
648 3090 735 3175 quod
740 3091 947 3175 justitiaesuae
957 3093 1155 3170 insistent‚et
1163 3091 1358 3155 calumniam

405 3214 530 3256 omnem
562 3194 673 3276 procul
703 3193 829 3256 sacient.
882 3197 982 3257 Actor
1013 3194 1144 3277 quidem
1168 3194 1266 3278 juret,
1291 3214 1358 3256 non

406 3294 620 3359 calumniandi
646 3295 753 3358 animo
777 3295 867 3357 litem
893 3296 1040 3373 movisse,
1063 3295 1121 3358 sed
1143 3295 1358 3359 existimando

404 3397 524 3459 bonam
549 3397 666 3460 habere
697 3416 836 3473 causam,
862 3408 895 3459 et
924 3396 1010 3479 quod
1037 3397 1119 3460 nihil
1145 3397 1179 3460 in
1206 3409 1273 3460 tota
1301 3396 1357 3459 lite

404 3497 500 3562 saciet
522 3498 728 3572 calumniose,
749 3508 784 3560 ut
806 3519 868 3561 nec
891 3498 1048 3582 probatio,
1067 3520 1128 3564 nec
1150 3499 1260 3562 dilatio
1278 3498 1357 3561 frus·

404 3600 534 3661 tratoria
553 3601 710 3683 exigatur,
730 3599 785 3662 sed
809 3599 842 3662 id
865 3603 969 3663 solum
992 3600 1080 3685 quod
1093 3601 1221 3686 justitia
1236 3599 1358 3662 videtur

405 3697 544 3779 exigere.
589 3701 678 3762 Reus
698 3712 803 3763 autem
818 3700 953 3785 jurabit,
972 3700 1061 3784 quod
1082 3711 1198 3784 putans
1219 3722 1252 3761 se
1272 3700 1360 3760 bona

405 3798 556 3862 instantia
565 3799 622 3875 uti,
633 3800 827 3880 pervenitad
836 3801 1070 3875 reluctandum,
1081 3810 1114 3861 et
1126 3798 1212 3881 quod
1223 3798 1258 3859 in
1267 3798 1357 3859 nullo

406 3900 504 3965 totius
519 3899 584 3962 litis
599 3899 733 3963 articulo
750 3903 946 3966 calumniose
966 3899 1153 3972 versabitur,
1169 3897 1202 3960 id
1218 3898 1322 3960 solum
1338 3920 1358 3961 a

399 4001 523 4084 judice,
537 4001 587 4063 vel
602 4000 780 4067 adversario
793 4004 939 4083 exigens.
952 3998 1037 4081 quod
1051 4020 1107 4081 pro
1124 3998 1254 4062 veritate
1266 4009 1358 4080 putat

405 4124 448 4166 ex
469 4102 659 4165 necessitate
681 4103 815 4187 justitiae
839 4097 1067 4162 exhibendum.
1114 4101 1258 4183 Uterque
1282 4120 1355 4162 vero

399 4204 571 4288 juramenti
587 4205 636 4268 sui
653 4214 796 4268 extrema
817 4201 963 4264 clausule
978 4202 1041 4265 hoc
1064 4204 1307 4286 complectetur,
1323 4216 1359 4265 ut

399 4305 508 4388 jurent
530 4328 564 4372 se
586 4307 667 4370 nihil
691 4303 829 4383 dedisse,
852 4312 906 4366 aut
928 4303 1125 4387 promisisse,
1148 4315 1203 4368 aut
1226 4303 1356 4367 daturos
