3384 5234
330 713 399 757 car.
416 694 476 773 v1.]
678 714 930 761 corrobaramus.
1153 708 1166 726 ⁹
1216 712 1280 771 283

331 873 361 925 et
379 862 481 926 virum
496 883 624 947 gravem
647 864 737 931 decet
753 867 884 931 consilia
905 868 1058 945 meditari,
1076 884 1111 935 ut
1127 872 1282 959 quicquid

330 964 408 1048 agit,
430 963 586 1049 quicquid
608 966 762 1050 loquitur,
779 967 818 1032 sit
835 991 894 1055 pro
914 970 1043 1035 consilio
1064 971 1184 1037 homini
1200 976 1282 1059 sapi·
1384 1059 1387 1064 ῃ

329 1064 445 1128 entiam
476 1065 647 1132 affectanti.
701 1069 763 1133 Est
792 1083 899 1135 autem
930 1070 994 1135 oris
1022 1072 1198 1140 circumcisi
1227 1075 1283 1142 illa

328 1167 481 1252 proferre,
504 1168 623 1251 quibus
644 1167 723 1230 nihil
746 1167 838 1233 liceat
862 1168 947 1233 demi
971 1169 1020 1233 vel
1041 1172 1168 1258 apponi.
1219 1176 1281 1242 Est

328 1279 434 1331 autem
458 1268 527 1330 viro
550 1267 638 1348 gravi
661 1268 892 1353 turpissimum,
916 1268 942 1332 si
959 1270 1084 1354 jugiter
1106 1296 1139 1336 se
1160 1273 1280 1339 fabulis

328 1384 359 1433 et
378 1369 473 1453 nugis
494 1369 678 1448 immisceat,
693 1383 724 1433 et
740 1371 822 1434 inter
837 1374 1074 1454 congarrientes
1088 1387 1278 1462 perstrepat,

329 1470 427 1535 veluti
456 1470 587 1535 rabulus
608 1493 698 1535 anser
720 1471 884 1538 admixtus
912 1472 1064 1555 oloribus,
1093 1488 1125 1541 et
1153 1500 1277 1542 omnem

327 1572 490 1636 materiam
513 1574 620 1637 credat
636 1585 742 1657 aptam
758 1596 825 1638 esse
841 1573 963 1660 litigiis.

431 1704 583 1772 Ambigitur
594 1706 657 1774 quid
669 1706 739 1758 enim
752 1705 847 1759 Castor
859 1698 979 1772 sciat,an
991 1708 1082 1763 docilis
1094 1709 1161 1782 plus,

433 1791 610 1845 Brundusium
622 1791 730 1844 Numici
742 1792 835 1845 melius
846 1794 889 1844 ria
901 1793 988 1858 ducat,
1000 1812 1035 1848 an
1047 1796 1130 1868 Appi.

327 1930 488 1991 Praeterea
510 1949 582 2012 quae
613 1926 789 2002 abundant,
813 1931 862 1990 sui
893 1928 1078 2015 copiositate
1109 1929 1274 2009 vilescunt,

324 2042 443 2093 etcum
466 2027 670 2113 multiloquio
692 2039 857 2113 peccatum
880 2052 943 2093 non
965 2031 1059 2109 desit,
1082 2055 1184 2118 pauca
1198 2056 1275 2120 pru-

325 2132 437 2196 denter
452 2130 611 2216 loquentis
627 2153 729 2193 sermo
744 2143 790 2193 est
807 2130 972 2216 pretiosus.
1018 2133 1115 2198 Unde
1132 2136 1276 2201 Socrates

324 2235 482 2319 quaerenti
493 2254 559 2318 quo
573 2231 668 2295 modo
681 2231 753 2318 quis
764 2232 880 2295 famam
898 2233 1051 2318 optimam
1061 2249 1274 2321 compararet3

324 2334 358 2397 Si
372 2334 514 2419 gesserit,
530 2332 647 2417 inquit,
664 2332 795 2416 optima,
812 2346 843 2395 et
867 2331 1022 2418 loquutus
1042 2335 1141 2399 fuerit
1163 2360 1275 2422 pauca.

324 2437 396 2499 Hoc
411 2449 458 2499 est
473 2433 561 2520 quod
577 2434 625 2497 vir
635 2434 755 2518 justus,
772 2443 803 2495 et
826 2431 947 2495 veritus
962 2433 1146 2519 delinquere
1163 2434 1196 2500 in
1213 2460 1275 2501 ser-

322 2558 424 2610 mone,
443 2536 520 2598 dicit
544 2532 678 2597 stillasse
699 2531 862 2615 eloquium
885 2553 987 2595 suum.
1034 2533 1097 2609 Qui
1112 2536 1195 2597 enim
1211 2558 1273 2599 non

321 2636 479 2720 delinquit
494 2635 527 2697 in
548 2634 655 2707 verbo,
672 2631 724 2694 hic
744 2631 905 2716 perfectus
920 2644 968 2696 est
991 2632 1051 2696 vir.
1095 2633 1276 2718 Siquando

321 2737 464 2801 ridebam
480 2735 520 2799 ad
536 2757 599 2810 eos,
616 2756 678 2797 non
694 2732 875 2797 credebant.
921 2733 1020 2799 Risus
1040 2734 1178 2800 levitatis
1193 2738 1277 2801 indi-

320 2840 415 2913 cium,
432 2848 463 2900 et
483 2859 549 2921 quo
564 2834 732 2922 patentior,
755 2857 792 2898 eo
813 2834 1041 2922 impudentior,
1056 2851 1088 2902 et
1107 2838 1275 2924 reprehen-

321 2939 441 3005 sibilior
457 2951 514 3003 est.
559 2938 613 3003 Ait
634 2938 735 3002 enim:
755 2937 882 3001 Stultus
897 2938 928 3001 in
945 2938 1011 3001 risu
1027 2940 1148 3004 exaltat
1163 2964 1271 3007 vocem

319 3064 407 3105 suam
422 3066 429 3104 ε
451 3054 483 3104 et
495 3042 639 3104 Salvator
646 3038 746 3119 flevit,
758 3038 939 3123 quiutique
949 3041 1056 3103 risisse
1066 3062 1130 3103 non
1142 3040 1270 3127 legitur.

319 3142 388 3209 Nec
403 3145 486 3207 euim
496 3141 587 3206 facile
597 3140 784 3205 crediderim
796 3162 931 3226 pronum
943 3162 1011 3203 esse
1021 3140 1062 3204 ad
1073 3141 1272 3224 cachinnum,

318 3248 373 3333 qui
403 3245 463 3309 sub
492 3256 582 3309 tanta
602 3242 811 3329 ambiguitate
833 3240 874 3304 de
896 3242 962 3305 risu
986 3241 1137 3328 loquitur,
1160 3256 1197 3309 ut
1211 3244 1271 3309 etsi

317 3347 420 3411 riserit
436 3370 497 3411 non
513 3346 669 3411 credatur.
714 3346 760 3408 Et
775 3344 834 3409 lux
850 3348 960 3408 vultus
982 3344 1043 3408 mei
1058 3367 1121 3409 non
1137 3346 1270 3412 cadebat

317 3449 348 3511 in
365 3461 492 3513 terram.
537 3446 621 3513 Risit
643 3446 724 3511 forte
746 3445 795 3509 vir
806 3446 927 3531 justus,
942 3445 997 3509 sed
1020 3469 1092 3510 eum
1109 3446 1141 3510 in
1162 3447 1269 3513 hilari·

315 3565 391 3629 tate,
407 3549 588 3636 temporalis
602 3547 722 3635 ineptia
743 3569 806 3610 non
828 3547 966 3625 resolvit,
990 3560 1022 3611 et
1038 3548 1189 3634 quicquid
1206 3562 1269 3614 ter-

316 3677 426 3717 renum
450 3665 516 3718 erat
530 3654 562 3715 in
586 3651 739 3730 moribus,
758 3648 883 3714 vultum
899 3650 1070 3715 verebatur
1091 3662 1266 3717 austerum.

315 3756 350 3819 Si
375 3752 542 3818 voluissem
569 3752 614 3816 ire
641 3751 680 3815 ad
709 3775 773 3832 eos,
800 3750 946 3815 sedebam
974 3752 1106 3839 primus.
1160 3753 1268 3817 Prima

314 3856 470 3942 siquidem
495 3854 646 3920 cathedra
675 3853 792 3939 dignus
818 3866 896 3930 erat,
918 3852 976 3939 qui
1001 3853 1079 3917 alios
1104 3865 1267 3919 tantarum

313 3960 470 4022 virtutum
499 3960 612 4023 itinere
641 3954 851 4042 praecedebat.
897 3957 1005 4033 Quum
1029 3956 1152 4020 sederet
1173 3955 1266 4036 quasi

313 4082 369 4123 rex
383 4058 613 4125 famulantibus·
628 4058 708 4134 aliis,
732 4058 911 4143 lachrymas
925 4057 1128 4123 moerentium
1144 4057 1264 4120 abster-

312 4161 417 4244 gebat.
462 4165 482 4227 J
484 4161 610 4226 ucunda
626 4158 780 4244 siquidem
797 4158 981 4233 conclusio;
1006 4180 1106 4243 quum
1123 4170 1264 4241 potestas

312 4260 440 4345 publica
471 4260 513 4323 sic
543 4260 649 4325 studet
680 4279 827 4343 praeesse,
861 4258 949 4322 utin
976 4257 1180 4321 universitate
1207 4281 1264 4321 sua
