3384 5234
376 691 446 735 cae.
462 674 525 749 un]
714 688 969 735 consensurus.
1263 677 1327 736 299

376 840 481 906 monio
506 838 656 926 gaudeat.
703 839 765 903 Sed
789 838 869 903 dicis
891 839 992 904 forte:
1032 837 1112 917 Quis
1136 852 1184 905 est
1209 840 1271 917 hic,
1293 852 1326 908 et

375 943 577 1010 laudabimus
592 946 691 1007 eum?
728 941 855 1028 Utique
874 964 936 1006 non
958 964 1033 1006 eum
1054 942 1192 1007 arbitror
1210 966 1324 1030 expec-

373 1046 506 1111 tandum
532 1044 647 1109 dandis
672 1044 821 1119 consiliis,
843 1044 900 1130 qui
925 1056 1090 1129 peccatum
1117 1067 1180 1110 non
1203 1045 1322 1125 lecerit,

374 1148 428 1213 sed
451 1169 547 1234 quem
570 1169 700 1233 peccare
722 1168 785 1210 non
806 1147 914 1232 jurat,
936 1145 992 1232 qui
1018 1159 1182 1233 peecatum
1206 1148 1323 1226 oderit,

375 1253 495 1315 virtute
509 1248 661 1334 gaudeat,
676 1259 708 1312 et
723 1270 793 1312 eam
809 1269 926 1333 magno
940 1247 1099 1312 desiderio
1112 1249 1324 1335 concupiscat,

373 1350 532 1415 hominem
548 1350 665 1414 scilicet
687 1351 780 1414 bonae
800 1349 984 1415 voluntatis.
1029 1350 1093 1416 Sed
1107 1373 1165 1415 nec
1179 1350 1267 1417 istud
1282 1350 1323 1415 ad

373 1474 513 1537 unguem
529 1451 734 1516 resecandum
755 1463 814 1525 est,
831 1447 1007 1535 benigniori
1026 1449 1134 1535 potius
1153 1462 1191 1516 ut
1205 1450 1324 1517 dicitur

373 1552 531 1629 Minerva,
547 1552 603 1637 qui
627 1574 690 1616 non
712 1551 909 1637 simpliciter,
925 1550 979 1615 sed
1001 1550 1135 1616 aliorum
1158 1551 1323 1618 collatione

373 1657 523 1719 innocens
539 1652 694 1718 videatur.
740 1652 820 1731 Quis
841 1652 925 1716 enim
940 1653 1142 1738 gloriabitur,
1158 1677 1191 1718 se
1207 1677 1322 1742 usque-

373 1778 501 1842 quaque
515 1769 637 1822 castum
654 1755 770 1820 habere
786 1778 853 1832 eor,
864 1778 966 1841 quum
981 1766 1012 1819 et
1027 1769 1113 1821 astra
1124 1757 1244 1821 munda
1258 1780 1322 1823 non

374 1861 436 1921 sint
458 1858 491 1921 in
514 1869 685 1942 conspectu
707 1856 804 1934 illius,
827 1855 885 1942 qui
911 1855 943 1920 in
966 1857 1087 1942 angelis
1113 1860 1179 1923 snis
1204 1860 1321 1945 reperit

372 1957 584 2042 pravitatem?
609 1956 716 2041 Iniqui
725 1980 801 2041 ergo
810 1955 938 2020 arcendi
949 1968 1033 2035 sunt,
1043 1958 1172 2045 superbi
1181 1971 1213 2025 et
1221 1960 1320 2039 avari,

372 2071 405 2123 et
433 2060 537 2123 omnis
562 2059 749 2147 hujusmodi
779 2058 878 2143 pestis
903 2057 1076 2125 hominum.
1123 2058 1213 2125 Nihil
1238 2062 1319 2126 enim

370 2161 576 2246 perniciosius
593 2172 642 2227 est
662 2160 773 2248 iniquo
792 2160 901 2226 divitis
916 2161 1104 2229 consiliario.
1151 2164 1259 2243 Omni,
1274 2164 1321 2229 in-

370 2263 450 2348 quit,
465 2264 611 2329 custodia
633 2286 723 2328 serva
744 2286 798 2327 cor
821 2275 928 2343 tuum,
942 2264 1092 2349 quoniam
1112 2287 1155 2330 ex
1169 2264 1239 2350 ipso
1254 2265 1320 2331 vita

370 2366 525 2449 procedit.
587 2367 649 2429 Est
683 2367 793 2451 itaque
822 2364 1057 2451 providendum
1089 2368 1250 2451 potestati,
1280 2390 1319 2432 ne

369 2466 538 2532 consiliarii
567 2468 637 2552 ejus
671 2465 846 2549 indigeant,
875 2486 915 2527 ne
944 2464 1046 2529 aliena
1078 2465 1320 2533 immoderatius

369 2568 602 2653 concupiscant.
646 2565 740 2643 Quod
755 2564 849 2628 etiam
865 2563 906 2627 ad
922 2587 974 2628 eos
989 2586 1090 2649 usque
1105 2568 1319 2649 protenditur,

371 2667 471 2752 quiin
487 2688 617 2752 corpore
634 2663 829 2750 reipublicae,
841 2664 1029 2729 interiorum
1045 2664 1191 2730 obtinent
1207 2666 1318 2747 vicem,

371 2789 450 2851 quos
470 2777 646 2852 quaestores
668 2780 700 2831 et
722 2766 1030 2844 commentarienses,
1045 2777 1078 2831 et
1093 2788 1200 2830 rerum
1214 2769 1320 2853 priva·

369 2878 476 2930 tarum
492 2867 623 2933 comites
637 2890 704 2933 esse
715 2866 933 2954 praediximus.
972 2870 1054 2932 Haec
1064 2867 1147 2931 enim
1159 2870 1265 2935 omnia
1275 2872 1318 2937 ad

371 2970 547 3033 satietatem
571 2969 741 3035 reficienda
761 2982 847 3048 sunt,
864 2983 896 3035 et
913 2970 993 3034 hanc
1012 2992 1053 3035 ex
1074 2970 1271 3049 necessitate,
1287 2985 1319 3037 et

370 3092 443 3148 usu,
458 3071 569 3137 habita
584 3072 704 3136 ratione
725 3093 944 3159 personarum,
958 3084 1086 3157 oportet
1104 3071 1317 3157 interpretari.

255 3218 258 3221 «
369 3173 404 3237 Si
424 3172 507 3237 enirn
533 3172 715 3238 reficiantur
739 3172 876 3252 avidius,
898 3187 931 3239 et
956 3174 1061 3238 miuus
1086 3172 1242 3258 digerant,
1265 3197 1318 3257 ge-

369 3287 479 3339 nerant
495 3275 703 3355 morbosam
718 3274 918 3353 incurabiles,
934 3288 991 3340 aut
1006 3273 1158 3339 difficiles.
1197 3273 1318 3361 lmpos-

368 3375 459 3439 sibile
474 3376 631 3463 siquidem
647 3389 705 3452 est,
722 3399 915 3464 quemquam
926 3377 1085 3464 justitiam
1101 3388 1133 3441 et
1148 3375 1313 3463 pecuniam

367 3478 466 3563 sequi.
512 3481 583 3544 Aut
598 3478 680 3543 enim
697 3482 752 3544 uni
772 3481 905 3544 istorum
928 3479 1066 3566 quilibet
1080 3477 1268 3555 adhaerebit,
1284 3491 1317 3543 et

367 3578 503 3643 alterum
525 3591 716 3659 contemnet,
737 3592 793 3645 aut
816 3581 1021 3666 torquebitur
1046 3580 1156 3661 altero,
1178 3578 1316 3644 melioris

366 3700 488 3766 expers.
535 3683 645 3744 Avaro
670 3702 820 3767 namque,
847 3693 927 3747 teste
952 3680 1118 3767 sapientia,
1145 3677 1224 3744 nihil
1250 3703 1315 3745 sce-

366 3781 487 3859 lestius,
503 3795 534 3847 et
549 3781 630 3846 nihil
643 3781 788 3869 iniquius
802 3805 899 3870 quam
915 3805 1021 3847 amare
1036 3782 1213 3869 pecuniam.
1251 3782 1316 3847 Hic

367 3882 449 3947 enim
473 3883 609 3948 animam
635 3905 724 3948 snam
751 3883 892 3948 venalem
919 3884 1026 3961 habet,
1053 3896 1086 3949 et
1111 3884 1144 3947 in
1171 3882 1237 3947 vita
1260 3904 1318 3945 sua

366 3984 498 4069 projecit
524 3984 637 4050 intima
664 4007 730 4049 sua.
776 3990 822 4051 Et
847 3986 931 4050 forte
951 3986 1025 4050 ideo
1046 3995 1149 4050 crates
1170 3983 1318 4068 pectoris,

367 4095 590 4172 costarumque
605 4085 808 4167 soliditatem,
820 4100 853 4152 et
868 4097 1018 4152 extremae
1034 4088 1118 4151 cutis
1133 4087 1317 4165 claustrum,

367 4196 483 4248 natura
505 4186 748 4269 diligentissima
762 4207 886 4269 parens,
903 4187 1132 4272 circumposuit
1149 4186 1317 4262 intestinis,

367 4283 430 4348 duo
458 4285 611 4350 adversus
636 4307 762 4348 omnem
788 4287 976 4351 exteriorem
1000 4285 1182 4352 violentiam
1207 4287 1317 4351 fierent
