3384 5234
381 718 452 762 oar.
468 701 538 780 run]
704 718 961 765 Ponrcnmcus.
1273 704 1332 768 107

382 868 464 934 enim
480 870 575 933 homo
596 891 809 955 nonpeecare
824 892 886 933 non
904 880 1041 953 poterat,
1058 868 1134 953 quia
1151 891 1223 933 eum
1242 874 1331 936 Deus

379 969 578 1050 praenoverat
601 982 817 1055 peccaturum,
841 983 897 1033 aut
928 968 1005 1053 quia
1033 970 1087 1033 ilie
1110 993 1331 1057 n0n0peccare

378 1085 516 1157 poterat,
528 1095 599 1137 eum
609 1085 816 1158 peccaturum
828 1070 986 1135 Dominus
997 1072 1176 1157 ignorabat.
1215 1074 1330 1159 Neque

378 1172 536 1235 non-mori
551 1194 645 1257 posse
659 1172 828 1247 nesciebat,
840 1194 878 1235 eo
893 1171 981 1256 quod
996 1183 1063 1235 erat
1081 1173 1201 1256 peccati
1217 1173 1329 1239 merito

377 1274 561 1338 moriturus·
606 1278 720 1360 Neque
742 1295 815 1336 eum
832 1272 912 1336 mori
935 1295 1059 1337 necesse
1080 1288 1160 1355 erat,
1176 1274 1327 1359 quoniam

378 1375 439 1437 hoc
455 1376 612 1440 Dominus
627 1375 825 1461 praesciebat.
872 1375 994 1439 Factus
1008 1387 1054 1439 est
1065 1376 1164 1459 igitur
1174 1374 1329 1460 quodam-

380 1476 475 1538 modo
489 1477 686 1554 immortalis,
701 1481 876 1541 moriturus
890 1476 1001 1562 procul
1017 1477 1128 1554 dubio,
1145 1490 1177 1542 et
1192 1468 1326 1542 mortem

379 1579 474 1662 culpa
502 1579 623 1653 attulit,
649 1601 747 1665 quam
776 1590 902 1643 naturae
931 1578 1071 1644 conditio
1100 1601 1164 1643 non
1193 1580 1326 1645 invexit.

379 1680 539 1762 Essetque
561 1680 602 1742 ab
621 1701 658 1741 ea
672 1677 910 1743 immortalitate
933 1702 995 1763 qua
1009 1682 1174 1744 non·mori
1193 1692 1328 1765 poterat,

378 1778 409 1839 in
426 1800 495 1841 eam
508 1802 572 1863 qua
584 1780 662 1842 mori
673 1802 735 1842 non
748 1791 866 1865 posset,
879 1779 1137 1853 transferendum
1161 1781 1223 1845 nisi
1233 1780 1328 1866 culpa

377 1880 611 1960 inobedientiae,
634 1883 766 1967 praecisa
787 1882 923 1968 justitiae
949 1884 1070 1961 semita,
1095 1893 1193 1946 tantae
1217 1881 1328 1967 gloriae

378 1981 500 2046 aditum
517 2007 574 2069 pro
589 1998 732 2071 tempore
752 1984 973 2068 praeclusisset.
1020 1985 1137 2070 itaque
1152 2006 1281 2071 peccare
1295 2000 1327 2050 et

377 2108 591 2171 non.peccare
611 2087 717 2173 potuit
734 2109 819 2151 mera
841 2084 998 2171 praeditus
1019 2087 1168 2152 libertate
1190 2086 1326 2165 arbitrii,

376 2187 432 2271 qui
442 2187 1163 2274 nulladispositionisviolentia‚nullofatorum
1174 2188 1326 2274 impulsu,

375 2289 464 2353 nullo
477 2291 667 2355 conditionis
679 2292 819 2369 stimulo,
835 2290 925 2355 nulio
940 2290 1045 2355 adbuc
1060 2304 1184 2357 naturae
1199 2291 1326 2357 defectu

376 2392 550 2475 urgebatur
572 2393 612 2456 ad
636 2397 776 2479 culpam,
799 2415 874 2478 quae
896 2391 1080 2456 indubitata
1101 2415 1214 2485 parens
1235 2415 1327 2478 paene

375 2491 532 2556 hominem
549 2504 661 2578 sponte
676 2492 799 2581 lapsum
815 2493 950 2580 impegit
963 2494 996 2556 in
1018 2505 1162 2557 mortem.
1206 2497 1326 2558 Verum

375 2593 448 2677 quia
463 2595 495 2658 in
518 2596 678 2682 injustitia
698 2596 788 2660 frena
810 2595 931 2660 laxavit
952 2594 1087 2668 arbitrii,
1110 2597 1155 2659 sic
1172 2595 1203 2657 in
1219 2616 1256 2657 ea
1269 2617 1328 2679 op-

373 2717 498 2779 pressus
520 2711 552 2760 et
574 2698 711 2763 obrutus
728 2700 824 2784 jacet,
846 2709 883 2761 ut
900 2699 990 2782 justo
1010 2695 1072 2759 Dei
1090 2694 1226 2782 judicio,
1249 2698 1326 2781 quia

373 2807 450 2859 tunc
473 2799 574 2863 noluit
597 2822 617 2864 a
639 2811 768 2884 peccato
789 2799 948 2863 abstinere
970 2821 1070 2883 quum
1095 2797 1326 2888 potuit,m0510

374 2912 509 2980 nequeat
525 2899 680 2964 abstinere
692 2923 794 2987 quum
810 2900 896 2964 velit.
923 2902 961 2963 In
972 2923 1009 2963 eo
1021 2914 1127 2965 tamen
1139 2898 1206 2963 solo
1220 2899 1326 2963 adhuc

373 2999 402 3061 ei
418 2999 551 3064 liberum
569 3002 654 3087 viget
670 3005 851 3084 arbitrium,
868 3016 904 3067 ut
920 3003 981 3067 sibi
996 3002 1036 3065 ad
1053 3024 1134 3087 opus
1148 3000 1325 3086 iniquitatis

374 3102 519 3182 sufficiat,
534 3106 593 3168 etsi
612 3107 653 3170 ad
675 3107 794 3171 bonum
818 3127 881 3168 non
903 3105 964 3169 nisi
979 3126 999 3166 a
1018 3103 1122 3187 gratia
1140 3113 1325 3196 praeventus

371 3218 403 3267 et
433 3204 564 3290 adjutus
586 3222 742 3293 assurgat.
790 3207 840 3271 Sic
858 3207 1019 3293 justitiam
1041 3228 1147 3291 perse
1165 3205 1322 3280 deserens,

375 3303 541 3369 traductus
563 3317 610 3371 est
630 3309 663 3371 in
686 3331 821 3393 regnum
844 3307 978 3392 peccati,
1001 3317 1033 3369 ct
1048 3305 1168 3380 mortis,
1185 3317 1222 3369 ut
1239 3306 1323 3391 jugo

375 3406 535 3470 servitutis
550 3430 676 3494 pressus
695 3410 879 3474 necessitati
901 3406 1108 3494 delinquendi
1122 3420 1155 3472 et
1170 3406 1324 3471 moriendi

376 3505 548 3590 subjaceat,
561 3515 708 3597 quamvis
723 3512 783 3577 boc
805 3534 868 3575 non
888 3512 1028 3575 fatorum
1052 3509 1156 3585 series,
1174 3509 1228 3573 sed
1244 3532 1325 3595 prae·

375 3607 575 3676 varicatiouis
589 3613 738 3679 meritum
753 3612 947 3679 introducat.
992 3611 1142 3699 Alioquin
1162 3610 1323 3675 bominem

367 3709 455 3776 nulla
461 3712 590 3798 justitia
600 3715 834 3793 condemnabit,
842 3737 942 3801 quum
954 3714 1049 3800 culpa
1058 3736 1121 3778 non
1127 3715 1160 3778 in
1171 3735 1258 3790 eum,
1270 3710 1325 3776 sed

372 3812 404 3875 in
434 3813 535 3898 ipsius
557 3828 783 3905 retorqueatur
805 3829 977 3881 auctorem.
1025 3815 1193 3880 Possibilia
1212 3819 1323 3899 itaque

368 3929 453 3997 sunt,
475 3940 549 4004 quae
570 3940 733 4006 nunquam
756 3919 869 3984 futura
892 3930 986 3983 sunt:
1010 3940 1085 4004 quae
1107 3917 1145 3995 si,
1160 3917 1237 4002 quia
1258 3938 1322 3979 non

368 4031 472 4097 erunt,
487 4023 612 4084 evenire
627 4044 691 4086 non
711 4034 850 4106 possent,
873 4041 1075 4105 nequaquam
1098 4017 1261 4104 possibilia
1275 4016 1322 4079 di-

368 4133 524 4185 cerentur.
581 4122 703 4188 Navale
733 4122 889 4207 siquidem
919 4121 1038 4185 bellum
1069 4120 1149 4196 fieri,
1180 4120 1320 4203 itemque

368 4241 428 4283 non
445 4223 514 4286 fieri
536 4224 684 4308 possibile
706 4235 764 4304 est,
778 4223 913 4289 alterum
937 4235 1044 4286 tamen
1066 4220 1197 4306 praecise
1219 4232 1251 4283 et
1266 4218 1321 4281 de·

370 4323 535 4389 terminate
552 4349 661 4389 verum
680 4340 727 4390 cst
744 4339 775 4391 et
792 4325 987 4411 praescitum.
1083 4407 1086 4418 ι
