3384 5234
368 664 437 708 cur.
455 648 515 728 rv.]
715 664 982 712 rocvcnrrrcus.
1285 659 1326 718 97

370 820 425 901 qui
440 819 472 881 in
489 818 602 881 avibus
617 818 692 881 coeli
707 817 846 883 ludunt?
885 821 932 882 Ac
954 819 981 881 si
1002 820 1101 884 tacita
1122 822 1325 907 subjectione

368 919 561 1002 pronunciet
576 940 643 996 eos,
658 940 793 1003 quorum
808 921 876 983 vita
889 920 988 1004 jocus
1002 933 1061 1000 est,
1076 923 1142 987 suis
1156 924 1325 989 evanuisse

368 1042 439 1085 cum
450 1022 572 1099 avibus,
583 1042 704 1104 eosque
717 1020 864 1105 subjecta
873 1023 1140 1104 pronunciatione
1151 1024 1193 1087 ad
1207 1025 1325 1090 inferos

368 1120 573 1184 descendisse
596 1130 834 1184 commemorat.
880 1122 1047 1204 Interroga
1066 1127 1175 1206 patres
1193 1135 1277 1201 tuos,
1292 1137 1325 1191 et

367 1223 609 1285 annunciabunt
620 1221 690 1299 tibi,
701 1221 838 1305 majores
854 1232 937 1299 tuos,
947 1235 980 1288 et
990 1224 1100 1289 dicent
1114 1248 1148 1289 se
1163 1247 1322 1311 nusquam

367 1335 513 1387 sanctum
535 1324 652 1404 legisse
675 1333 866 1387 venatorem.
911 1325 1008 1398 Quod
1032 1327 1059 1390 si
1082 1326 1204 1391 nomini
1229 1350 1323 1393 vena·

368 1434 471 1488 torum
494 1424 534 1487 de
556 1424 745 1509 prophetica
767 1427 983 1508 promissione
1004 1427 1269 1514 blandiensque
1287 1452 1322 1495 se

369 1535 536 1589 venatores
557 1526 725 1589 missumm
746 1526 908 1589 Dominus
926 1527 1107 1610 pollicetur,
1122 1529 1179 1611 qui
1198 1529 1239 1592 de
1254 1550 1323 1593 um·

367 1628 472 1690 brosis
487 1639 520 1691 ct
533 1628 671 1690 excelsis
686 1638 843 1691 venentur
857 1648 1017 1706 erroneos,
1027 1627 1210 1693 bestialium
1226 1630 1323 1694 vitam

368 1726 496 1791 noveris
513 1728 679 1811 increpari,
699 1749 765 1792 non
788 1728 1006 1792 commendari
1029 1731 1210 1794 venantium
1234 1733 1321 1796 vani·

368 1842 477 1895 tatem.
537 1831 608 1894 Nec
637 1840 671 1895 tc
702 1830 866 1908 Placidus,
896 1831 945 1893 vel
974 1832 1175 1895 Eustachius
1204 1843 1324 1917 martyr

370 1933 498 2016 quidem
517 1933 665 2015 insignis,
680 1954 775 2016 quem
796 1933 837 1996 de
857 1932 924 2015 pia,
946 1954 1011 1996 non
1035 1944 1143 1998 tamen
1166 1936 1323 2000 canonica

369 2034 526 2118 scriptura
540 2043 707 2113 venantem
724 2032 839 2095 asseris
854 2053 873 2095 a
887 2032 1031 2096 Domino
1039 2033 1215 2114 visitatum,
1227 2036 1323 2101 nimis

368 2133 557 2213 demulceat,
571 2134 634 2198 nisi
650 2135 730 2197 sorte
746 2144 1011 2218 persequutorum
1025 2136 1186 2200 Ecclesiae
1201 2138 1321 2202 rabiem

365 2235 490 2313 laudas,
513 2257 554 2298 eo
581 2234 667 2319 quod
697 2233 772 2296 inde
803 2233 844 2297 ad
870 2236 1088 2317 apostolatum
1117 2247 1249 2300 vocatus
1273 2247 1323 2301 est

367 2338 496 2415 Paulus,
505 2346 538 2399 et
552 2337 635 2399 inter
645 2335 726 2399 alios
735 2334 838 2399 factus
850 2344 898 2398 est
910 2335 1058 2417 egregius
1068 2335 1227 2419 evangelii
1240 2360 1322 2421 prae·

367 2437 499 2502 dicator.
546 2438 611 2502 Sed
634 2436 752 2500 fuerint
778 2437 834 2499 viri
856 2437 1005 2513 illustres,
1028 2439 1205 2502 Alexandri
1230 2440 1320 2520 sorte,

335 2567 338 2571 *
368 2542 420 2602 vel
436 2540 590 2614 Caesares,
607 2538 735 2601 venatui
751 2537 852 2602 dediti
861 2562 870 2615 3
892 2540 1041 2622 nunquid
1056 2540 1253 2622 philosophi,
1267 2553 1323 2603 aut

368 2642 468 2725 aliqui
484 2642 646 2725 sapientes
660 2636 695 2702 in
709 2638 850 2724 populo?
879 2640 1037 2723 Nunqnid
1049 2641 1208 2719 Socrates,
1217 2642 1321 2719 Plato,

369 2742 567 2819 Aristoteles,
582 2741 717 2817 Seneca,
733 2740 884 2820 Soranus,
896 2749 951 2803 aut
961 2740 1127 2823 quitotius
1140 2761 1206 2803 nou
1221 2740 1321 2816 urbis,

370 2842 428 2904 sed
451 2842 537 2905 orbis
558 2841 726 2905 evacuavit
747 2841 912 2918 miracula,
934 2843 1078 2905 omnium
1100 2843 1135 2904 in
1160 2864 1194 2905 se
1220 2839 1321 2905 admi·

367 2944 523 3006 rationem
537 2944 695 3027 sapientia
705 2954 738 3007 et
748 2943 864 3005 virtute
875 2953 1076 3020 convertens,
1088 2942 1248 3026 Archytas
1257 2942 1320 3009 Ta-

367 3042 530 3108 rentinns?
570 3046 617 3108 Ut
637 3043 804 3107 redeamus
826 3042 869 3107 ad
891 3053 1027 3122 nostros,
1049 3043 1107 3126 qni
1132 3052 1165 3106 et
1190 3045 1320 3108 veritate

367 3148 533 3225 doctrinae,
551 3147 674 3209 virtutis
696 3147 859 3231 exemplo,
877 3155 911 3208 et
930 3143 1008 3207 fidei
1029 3144 1217 3208 auctoritate
1239 3167 1321 3228 prae-

368 3251 500 3327 cellunt,
525 3269 607 3332 quos
635 3248 839 3330 Augustinos,
866 3246 1094 3328 Hieronymus,
1119 3246 1321 3325 Laurentios,

370 3351 564 3428 Vincentios,
581 3371 661 3435 quos
682 3349 822 3433 denique
845 3348 885 3412 de
908 3360 974 3412 toto
997 3358 1086 3413 coetu
1102 3357 1228 3433 patrum
1243 3368 1318 3412 vex·

367 3452 485 3514 ationis
514 3451 609 3535 hujus
633 3451 764 3533 agitavit
785 3448 935 3514 insania?
975 3451 1164 3513 Nostrorum
1191 3470 1321 3533 quoque

367 3564 546 3636 temporum
571 3554 727 3617 luctuosis
749 3553 933 3616 instruimur
954 3553 1125 3635 exemplis,
1146 3550 1187 3615 ab
1209 3552 1321 3635 hujus-

368 3650 455 3714 modi
470 3650 693 3733 inquietudine
712 3660 899 3732 temperare,
914 3671 1014 3733 quum
1030 3670 1179 3733 proceres
1194 3660 1321 3713 nostros

367 3752 452 3815 inter
469 3750 651 3815 venandum
670 3751 751 3813 veris
772 3750 931 3834 variisque
949 3751 1121 3828 miraculis,
1141 3749 1321 3830 indignatio

369 3853 478 3915 divina
492 3852 695 3936 percusserit,
709 3851 941 3935 bestialemque
962 3872 1048 3933 saepe
1066 3850 1247 3913 invenerint
1263 3870 1320 3912 ex·

366 3955 446 4018 itum
458 3954 544 4032 vitae,
553 3954 609 4036 qui
619 3953 695 4016 dum
706 3952 799 4015 licuit
808 3952 982 4015 bestialiter
991 3952 1146 4015 vixerant.
1177 3950 1321 4032 Regibus

368 4077 496 4140 qnoque
519 4056 600 4140 ipsis
614 4075 729 4118 manus
752 4054 885 4117 Domini
900 4075 965 4116 nou
987 4052 1143 4136 pepercit,
1159 4052 1238 4115 etin
1254 4071 1320 4113 ma-

366 4156 467 4219 litiam
490 4177 602 4219 eorum
628 4152 822 4235 condignam
849 4164 881 4216 et
907 4153 1078 4233 gloriosam
1103 4150 1248 4215 exercuit
1272 4150 1320 4210 ul-

368 4256 495 4320 tionem.
541 4259 618 4320 Nou
642 4254 791 4338 equidem
816 4276 925 4318 eorum
945 4255 1086 4331 nomina,
1102 4254 1153 4316 vel
1172 4250 1321 4330 exempla
