3384 5234
377 642 447 703 nin.
465 643 513 718 v.]
730 645 988 704 eourcaa'rreus.
1292 649 1332 706 88
1376 666 1379 671 ·

379 811 486 875 sumit.
530 813 573 874 At
597 811 624 873 si
650 809 729 873 alios
756 809 941 892 diligentius
972 812 1115 887 intueris,
1141 825 1334 876 consumunt

379 924 411 977 et
426 914 531 989 vitam,
547 933 621 995 qnae
643 911 675 973 in
699 911 831 994 ineptiis
854 922 886 975 et
908 913 1102 976 factionibus
1124 924 1180 977 ant
1200 914 1330 996 flagitiis

378 1024 445 1078 tota
470 1022 619 1076 versatur.
664 1012 782 1074 Nonne
813 1012 872 1074 tibi
896 1012 1021 1076 videtur
1046 1016 1166 1077 aleator
1190 1014 1331 1096 ineptus,

377 1116 433 1198 qui
454 1124 643 1177 tesserarum
666 1133 730 1174 non
754 1124 819 1175 tam
834 1112 919 1191 vivit,
939 1135 1037 1197 quam
1060 1115 1142 1199 perit
1157 1137 1201 1178 ex
1216 1115 1328 1196 gratia,

377 1228 409 1279 et
430 1236 555 1278 omnem
573 1214 699 1297 jactum
720 1212 812 1277 sortis
835 1234 901 1276 suae
923 1217 1092 1295 praesulem
1115 1215 1213 1279 facit?
1237 1227 1326 1279 estne

375 1338 426 1382 ars
441 1313 650 1380 accommoda
664 1312 788 1386 rationi,
801 1312 894 1395 cujus
909 1324 1028 1397 quanto
1044 1316 1179 1400 quisque
1196 1317 1326 1380 studen-

377 1419 446 1494 tior,
471 1427 566 1480 tanto'
586 1415 645 1477 e'rit
670 1410 913 1476 exstudiosior?
949 1414 1075 1478 Attalus
1099 1417 1273 1495 Asiaticus,
1299 1418 1327 1479 si

377 1517 543 1600 gentilium
564 1514 703 1577 historiis
722 1513 875 1587 creditur,
897 1514 983 1578 hanc
1005 1515 1140 1579 ludendi
1160 1518 1326 1582 lasciviam

316 1604 319 1611 ¹
377 1616 493 1683 dicitur
507 1616 678 1689 invenisse,
693 1616 733 1678 ab
755 1615 911 1678 exercitio
934 1634 1134 1680 numerorum
1160 1619 1326 1701 paululum

376 1721 505 1784 deflexa
519 1717 659 1782 materia·
705 1716 811 1788 Quum
827 1717 914 1779 enim
930 1716 1123 1802 antiquiores
1138 1720 1218 1782 illud
1234 1742 1324 1783 exer-

377 1823 488 1887 citium
496 1820 656 1884 duntaxat
664 1819 889 1903 approbarent,
899 1819 986 1902 quod
998 1818 1038 1882 ad
1048 1820 1325 1903 investigationem

378 1924 445 1987 veri
467 1920 714 2004 disciplinasque
736 1920 882 1982 liberales
905 1920 1086 2002 proficeret,
1102 1923 1151 1985 vel
1172 1932 1259 1986 recte
1281 1924 1327 1985 vi·

379 2023 472 2088 vendi
493 2024 663 2086 instrueret
686 2041 790 2099 nsum,
808 2020 861 2083 hic
887 2021 995 2084 subtili
1018 2021 1156 2120 quidem,
1178 2024 1257 2086 licet
1278 2024 1327 2085 in-

376 2128 537 2190 fructuosa
561 2123 759 2194 inventione,
782 2123 897 2186 veteris
919 2123 1064 2186 exercitii
1089 2122 1235 2188 duritiam
1260 2145 1326 2187 non

376 2226 571 2310 temperavit,
592 2224 651 2287 sed
677 2224 840 2295 emollivit,
866 2223 975 2287 multis
1001 2225 1105 2289 adhuc
1135 2228 1169 2290 in
1193 2227 1327 2309 pristina

375 2326 577 2390 manentibus
591 2324 757 2406 gravitate.
788 2326 815 2386 A
828 2324 975 2388 manibus
989 2346 1127 2409 namque
1140 2330 1326 2391 Graecorum

372 2429 495 2492 abacus
523 2425 667 2489 nondum
698 2424 833 2500 excidit,
861 2436 916 2489 ant
944 2426 1022 2489 ratio
1052 2428 1243 2504 calculandi,
1269 2440 1324 2492 aut

374 2529 470 2593 ludus
491 2528 524 2590 in
548 2548 613 2611 quo
634 2528 729 2609 plene
745 2526 859 2590 vicisse
880 2537 939 2605 est,
953 2527 995 2590 ad
1018 2529 1243 2592 denunciatum
1259 2532 1325 2593 cal·

370 2631 492 2705 culum,
505 2628 546 2690 in'
556 2625 679 2709 campis
694 2624 866 2689 adversarii
881 2628 1086 2690 constituisse
1103 2628 1275 2711 perfectam
1291 2640 1323 2692 et

371 2729 545 2792 maximam
568 2726 775 2790 harmoniam.
821 2726 927 2811 Quum
949 2729 1021 2789 v‘ero
1043 2726 1078 2790 in
1105 2726 1226 2819 eisdem
1250 2727 1322 2789 har-

373 2830 503 2892 monica
512 2827 730 2901 Arithmetica,
740 2827 789 2889 vel
801 2828 1004 2891 Geometrica
1014 2829 1106 2891 trium
1118 2826 1321 2891 terminorum

374 2929 544 2993 medietate
569 2930 701 3003 exultat,
728 2916 916 3011 semiplena
931 2929 1064 2992 victoria
1090 2938 1149 2991 est.
1195 2928 1323 2999 Quaevis

369 3033 524 3106 alearum,
539 3031 596 3094 etsi
618 3030 807 3111 contingant
829 3032 910 3094 citra
931 3030 1088 3114 triumphi
1109 3028 1253 3110 gloriam,
1267 3040 1323 3093 aut

372 3131 513 3196 ludentis
535 3131 730 3201 felicitatem,
754 3139 809 3193 aut
831 3130 1072 3212 artis-peritiam
1096 3137 1321 3212 protestantur.

370 3233 558 3297 Jucundum
589 3231 719 3315 quidem
749 3240 781 3295 et
810 3232 1008 3294 fructuosum
1037 3241 1100 3309 est,
1120 3249 1321 3294 numerorum

374 3355 469 3397 nosse
479 3334 661 3424 certamina,
672 3335 728 3417 qui
740 3332 960 3418 depredationi
970 3334 1169 3396 inveniantur
1177 3333 1323 3412 obnoxii,

374 3449 407 3498 et
429 3455 491 3518 qua
512 3434 632 3497 ratione
654 3434 688 3496 in
715 3434 826 3497 castris
849 3434 914 3497 siut
936 3434 991 3497 alii
1014 3434 1156 3507 tutiores,
1181 3434 1321 3497 omnium

373 3535 586 3618 periculorum
601 3534 715 3615 ignari,
728 3534 791 3597 nisi
805 3534 886 3597 sorte
898 3534 1103 3599 circumventi
1119 3534 1161 3597 ad
1176 3535 1322 3598 hostibus

372 3636 577 3717 captiventur.
608 3634 718 3719 Hujus
728 3635 891 3718 voluptate
901 3635 1090 3712 certaminis,
1101 3635 1322 3712 Ptolomaeum,

371 3735 601 3810 Alexandrum,
619 3734 790 3809 Caesarem,
808 3736 974 3815 Catonem,
994 3737 1100 3820 ipsum
1123 3758 1249 3821 quoque
1265 3736 1321 3799 Sa·

371 3834 467 3897 mium
482 3834 642 3916 graviores
654 3856 768 3918 operas
782 3836 917 3917 legimns
932 3847 1136 3918 temperasse,
1146 3856 1209 3918 quo
1225 3836 1320 3898 etiam

367 3937 451 4000 inter
465 3934 644 3998 ludendum
658 3934 693 4021 id
709 3950 850 4016 agerent,
861 3933 946 3997 unde
962 3945 1069 3999 essent
1083 3933 1321 4017 Philosophicis

371 4037 510 4119 negotiis
539 4036 688 4119 aptiores.
742 4036 822 4099 Alea
852 4057 925 4099 vero
955 4035 1067 4099 exciso
1095 4056 1195 4116 regno
1225 4034 1323 4109 Asiae,

367 4136 447 4200 inter
473 4138 643 4201 manubias
674 4158 791 4200 eversae
818 4138 908 4201 urbis
931 4158 998 4199 non
1026 4138 1085 4200 sub
1110 4157 1174 4200 una
1200 4144 1323 4198 tantum

367 4238 488 4320 specie,
503 4223 651 4321 migravit
666 4237 708 4303 ad
723 4239 868 4302 Graecos.
916 4237 1005 4303 Hinc
1021 4249 1152 4310 tessera,
1169 4236 1322 4305 calculus,

412 4356 486 4402 vor..
502 4353 555 4401 111.
836 4358 858 4401 n
