3384 5234
440 690 503 751 212
698 699 833 749 solutus
848 700 1129 750 strassenrassrs
1240 690 1323 769 [nra.
1342 710 1393 753 111.

444 878 552 920 earum
567 855 728 919 interdum
743 877 839 918 manu
855 854 1028 934 conferens,
1042 855 1249 921 discernebat.
1287 862 1396 933 Quum

444 980 521 1041 ergo
532 956 661 1021 Caecilio
672 956 782 1032 invito,
795 979 861 1019 rem
874 970 910 1020 ut
926 956 1044 1021 faceret
1058 957 1196 1023 Senatus
1205 959 1396 1023 auctoritate

443 1058 673 1137 denunciasset,
688 1070 725 1121 ut
740 1058 769 1120 ei
791 1057 959 1122 ridebatur
979 1058 1142 1143 injustam,
1158 1060 1258 1135 Ante,
1280 1060 1396 1145 inquit,

442 1159 605 1224 satiaberis
624 1159 813 1243 margaritis.
857 1164 902 1223 At
921 1160 990 1223 haec
1011 1159 1093 1223 forte
1107 1173 1164 1224 ant
1185 1162 1289 1225 aliena
1310 1161 1396 1225 vide·

440 1262 574 1339 buntur,
589 1277 621 1327 et
642 1285 713 1347 qnae
728 1262 789 1326 viri
810 1261 903 1325 fortis
916 1263 1040 1328 animus
1060 1263 1225 1328 honestius
1246 1264 1394 1328 dissimu-

440 1367 529 1428 laret.
575 1364 692 1427 Verum
715 1378 748 1428 et
761 1363 875 1428 famosi
897 1364 996 1427 libelli
1018 1364 1060 1428 de
1074 1388 1113 1429 eo
1133 1366 1244 1451 scripti
1258 1378 1343 1441 sunt,
1359 1379 1391 1430 et

435 1463 594 1550 jocularia
617 1464 756 1528 carmina
779 1464 811 1527 in
835 1487 908 1528 enm
934 1466 1062 1549 publice
1082 1466 1262 1551 divulgata,
1283 1481 1322 1531 ut
1343 1480 1390 1531 est

437 1563 520 1628 illud
534 1563 672 1628 militum
687 1564 720 1627 in
737 1563 901 1648 triumpho
916 1563 1041 1628 Gallico
1055 1565 1262 1646 celebratum,

544 1718 644 1772 Gallias
656 1718 746 1771 Gaesar
757 1719 869 1785 subegit,
882 1718 1042 1771 Nicomedes
1054 1718 1194 1783 Caesarem,

543 1807 701 1859 Nicomedes
711 1823 762 1858 non
773 1805 915 1876 triumphat
926 1806 970 1873 qui
981 1806 1087 1874 subegit
1098 1805 1239 1860 Gaesarem.

437 1956 488 2017 Eo
498 1951 585 2037 quod
599 1950 786 2014 Nicomedes
798 1952 870 2013 Rex
884 1950 1046 2036 Bithyniae
1058 1954 1215 2018 Caesarem
1226 1952 1389 2017 ferebatur

436 2067 549 2137 stupro
573 2052 744 2137 subegisse,
769 2052 800 2114 in
829 2052 1011 2117 ulteriorem
1036 2054 1282 2118 familiaritatem
1308 2053 1387 2117 dum

432 2154 543 2239 junior
558 2165 638 2217 esset
658 2151 843 2217 admissum.
889 2154 1087 2220 Facilitatem
1106 2177 1237 2240 qnoque
1253 2155 1389 2219 Caesaris

435 2257 468 2318 in
480 2253 626 2339 augendo
639 2255 756 2317 Senatu
768 2256 880 2321 Cicero
891 2256 986 2319 nimis
997 2259 1111 2321 acriter
1119 2267 1151 2319 et
1162 2255 1266 2340 palam
1276 2254 1386 2320 irrisit.

436 2354 520 2418 Nam
541 2376 640 2439 quum
660 2355 701 2418 ab
720 2353 847 2440 hospite
865 2378 923 2419 suc
943 2359 979 2421 Ρ.
1001 2355 1124 2419 Manlio
1148 2368 1326 2441 rogaretur,
1349 2368 1388 2421 ut

434 2454 582 2542 privigno
604 2478 662 2519 suo
685 2455 925 2520 decurionatum
949 2457 1128 2541 expediret,
1152 2457 1197 2521 ait
1222 2458 1387 2522 assistente

430 2558 623 2643 frequentia,
636 2556 747 2622 Romae
764 2557 850 2621 siris
864 2557 1006 2632 habebit,
1016 2556 1175 2644 Pompeiis
1188 2556 1315 2621 difficile
1326 2572 1385 2624 est.

436 2658 498 2723 Sed
514 2671 546 2723 et
565 2660 598 2722 iu
615 2658 760 2744 Epistola
783 2658 822 2721 ad
840 2660 879 2721 C.
897 2658 1041 2723 Cassium
1064 2657 1250 2722 violatorem
1272 2657 1385 2723 Dicta·

430 2760 512 2825 toris
532 2759 710 2824 mordacius
729 2757 872 2844 scripsit:
905 2758 1025 2821 Vellem
1049 2757 1164 2822 Idibus
1185 2758 1313 2823 Martiis
1334 2783 1385 2823 me

425 2861 473 2925 -ad
486 2882 607 2925 coenam
619 2862 795 2935 invitasses,
806 2860 948 2946 proiecto
957 2857 1163 2945 reliquiarum
1175 2858 1254 2923 nihil
1266 2858 1386 2944 luisset,

428 2985 516 3028 nunc
543 2985 593 3026 me
618 2963 760 3047 reliquiae
785 2975 900 3025 vestrae
925 2974 1084 3025 exercent.
1131 2961 1192 3025 Sed
1217 2964 1385 3048 Augustus

431 3065 568 3129 fortunae
590 3063 690 3138 favor,
714 3076 746 3127 et
769 3062 906 3125 Romani
933 3064 1030 3126 decus
1058 3062 1202 3148 Imperii,
1225 3065 1384 3129 avunculo

432 3190 490 3233 suc
504 3170 525 3233 J
528 3165 592 3229 ulio
606 3166 701 3249 longe
715 3163 887 3251 patientior
901 3163 1019 3227 extitit.
1063 3164 1172 3240 Quum
1188 3165 1271 3229 enim
1286 3170 1385 3231 Anto·

431 3267 502 3334 nius
518 3281 689 3332 maternam
710 3268 779 3353 ejus
797 3266 951 3350 originem
974 3265 1161 3351 despiciens,
1176 3290 1249 3331 eum
1269 3267 1383 3332 Afrum

427 3395 555 3457 genere,
570 3385 606 3435 'et
628 3383 742 3434 natura
765 3369 935 3454 panificum
957 3367 1087 3449 diceret,
1104 3368 1165 3433 hoc
1186 3369 1293 3435 ridens
1314 3393 1384 3456 per-

429 3473 517 3549 tulit,
532 3487 563 3537 et
583 3472 719 3536 eundem
740 3493 845 3535 sorore
868 3469 986 3534 tradita
1009 3470 1040 3532 iu
1063 3470 1226 3536 affinitatis
1246 3475 1381 3558 gratiam

430 3571 567 3638 admisit.
591 3575 698 3649 Quum
710 3595 783 3635 vero
791 3572 875 3635 idem
886 3571 1038 3635 adversus
1048 3572 1210 3656 privatum
1223 3575 1381 3660 quendam

431 3677 561 3754 gravius
573 3674 825 3749 excandesceret,
836 3678 994 3758 Loquere,
1010 3672 1127 3758 inquit,
1138 3678 1284 3758 Auguste
1294 3678 1383 3759 quod

428 3773 544 3859 placet,
555 3772 630 3857 quia
642 3772 836 3856 diligentiam
849 3774 993 3851 auribus,
1003 3774 1121 3858 linguae
1133 3773 1383 3841 taciturnitatem

429 3873 539 3948 indixi,
555 3872 693 3958 quietem
710 3874 868 3951 munibus,
885 3888 916 3939 et
933 3875 963 3937 iu
982 3875 1130 3939 omnibus
1144 3873 1192 3938 his
1207 3876 1382 3959 potentiam

427 3993 515 4039 tuam
531 3996 654 4047 accusa,
672 3974 746 4059 quia
760 3973 837 4037 nihil
853 3974 940 4039 aliud
956 3974 1045 4059 argui
1061 3988 1166 4061 potest
1180 3974 1212 4037 in
1228 3974 1383 4059 patientia

427 4098 508 4139 mea.
553 4074 601 4138 Ad
624 4074 692 4139 lraec
713 4097 774 4137 non
795 4075 890 4137 modo
911 4076 943 4137 in
965 4099 997 4139 se
1019 4076 1164 4140 servabat
1181 4075 1380 4161 patientiam,

426 4176 481 4240 sed
494 4177 623 4239 eandem
636 4174 705 4238 aliis
716 4174 883 4238 indicebat.
916 4174 1011 4240 Unde
1023 4198 1123 4261 quum
1139 4174 1286 4240 Tiberius
1302 4200 1381 4261 que-

427 4292 551 4346 reretur
565 4300 622 4364 per
636 4276 799 4363 epistolam
816 4299 917 4353 suam,
930 4275 1017 4366 quod
1033 4277 1127 4341 multi
1143 4276 1183 4341 de
1199 4276 1253 4342 illc
1268 4300 1380 4366 perpe·
