3384 5234
433 670 494 730 174
685 683 823 728 sossius
839 680 1115 727 senesnsmrmsrs
1233 666 1317 739 [cm.
1333 682 1384 726 111.

428 848 512 901 stem
529 832 678 909 edificat,
687 856 751 898 non
765 833 910 914 domum,
918 833 1066 919 quisquis
1079 833 1112 897 in
1126 832 1284 898 indurata>
1298 855 1385 896 men·

429 939 471 1000 tis
486 935 576 1015 vitio,
589 935 782 1021 pravitatem
796 936 941 1018 congerit
956 957 1099 1020 operum.
1136 934 1201 1012 Qui
1215 933 1247 998 in
1263 935 1383 1021 pariete

429 1040 496 1103 solo
521 1038 639 1102 ostium
665 1037 755 1117 iacit,
780 1059 977 1123 quocunque
999 1035 1200 1121 ingrediatur
1222 1035 1301 1100 foris
1324 1051 1382 1101 est.

428 1141 622 1227 Quicunque
637 1139 669 1201 in
684 1138 811 1224 pravite
830 1138 947 1225 operis,
963 1137 1114 1203 indurata
1130 1150 1238 1202 mente
1252 1161 1383 1202 conver·

426 1255 528 1315 satur,
543 1266 563 1305 a
577 1255 759 1306 sanctorum
771 1241 922 1305 societate
937 1240 1127 1327 sejungitur.
1171 1239 1380 1305 AEdificatum

425 1367 505 1429 ergo
519 1344 672 1431 parietem
688 1343 773 1424 linit,
786 1342 935 1429 quisquis
955 1343 1063 1428 pravis
1082 1342 1233 1430 operibus
1246 1342 1382 1429 alicujus

425 1444 595 1511 adulanter
613 1444 792 1532 applaudit.
836 1445 946 1521 Quum
962 1467 1037 1507 vero
1054 1445 1097 1509 sit
1120 1458 1215 1528 turpe
1228 1445 1379 1509 omnibus

425 1547 663 1633 adulan,longe
678 1549 806 1634 turpius
820 1560 880 1624 est,
892 1548 920 1610 si
934 1546 967 1609 in
981 1546 1156 1633 praecipuae
1169 1546 1378 1623 auctoritatis,

424 1664 483 1716 sut
503 1650 635 1728 ordinis,
650 1649 747 1730 viros,
768 1647 913 1713 adulatio
932 1647 1036 1711 cadat.
1080 1647 1171 1713 Adeo
1192 1647 1321 1733 quidem
1342 1661 1379 1712 ut

426 1777 588 1819 sacrorum
626 1774 784 1817 canonum
812 1750 969 1816 institutis
1005 1764 1135 1815 cautum
1169 1751 1222 1829 sit,
1251 1750 1380 1816 clericos

425 1855 685 1939 irrefragabiliter
706 1852 922 1940 deponendos,
948 1854 1007 1937 qui
1029 1865 1203 1918 noscuntur
1224 1852 1379 1917 adulatio·

424 1956 520 2020 nibus
539 1955 700 2020 inservire.
745 1954 847 2017 Recte
864 1952 1008 2037 quidem,
1021 1954 1098 2038 quia
1114 1954 1217 2017 omnis
1237 1953 1380 2019 adulatio

423 2054 557 2118 comites
577 2054 674 2117 babet
689 2053 798 2116 dolum
819 2066 852 2117 et
872 2051 1030 2127 fraudem,
1046 2053 1325 2139 proditionemque
1346 2069 1379 2121 et

421 2166 529 2219 notam
546 2153 713 2217 mendacii.
758 2152 926 2237 Sequelam
947 2177 1076 2239 quoque
1090 2153 1295 2237 ignominiam
1312 2177 1377 2218 ser·

422 2254 547 2329 vitutis,
562 2253 803 2317 excaecationem
823 2253 974 2338 proximi,
988 2265 1021 2318 et
1036 2255 1259 2319 exterminium
1276 2260 1377 2322 totius

421 2355 605 2421 honestatis.
650 2359 701 2420 An
722 2366 852 2418 nonest
875 2353 948 2419 talis
963 2377 1026 2420 non
1048 2356 1146 2420 modo
1167 2356 1342 2443 ejiciendus
1357 2383 1377 2424 a

420 2455 516 2537 clero,
529 2456 585 2521 sed
600 2478 619 2519 a
634 2468 703 2522 toto
717 2453 860 2519 fidelium
876 2452 987 2519 coetu?

421 2722 501 2808 Cap.
517 2719 548 2785 6.
574 2720 667 2796 Quod
701 2721 888 2785 adulatores
923 2723 1132 2805 multiplicati
1165 2729 1244 2787 sunt
1276 2744 1375 2806 super

462 2842 645 2898 numerum,
673 2828 705 2885 et
732 2844 755 2884 o
787 2824 959 2903 praeclaris
987 2824 1133 2887 domibus
1160 2825 1313 2901 honestos,
1342 2832 1374 2889 ci

462 2925 632 2988 dissimiles
644 2924 709 3004 sui,
722 2924 897 3005 repellunt.

463 3059 546 3121 an
566 3070 671 3123 tamen
692 3056 800 3143 pestis,
818 3058 887 3144 jam
907 3059 940 3123 in
962 3072 1099 3141 tantum,
1114 3060 1254 3125 Domino
1267 3062 1372 3147 indig-

418 3174 524 3237 nante,
534 3157 682 3235 invaluit,
694 3170 732 3224 ut
743 3160 769 3223 si
781 3172 912 3225 ventum
922 3162 1005 3226 forte
1016 3162 1114 3229 fuerit
1125 3163 1166 3227 ad
1178 3164 1372 3245 conflictum,

418 3284 529 3325 vereor
553 3284 594 3325 ne
616 3262 776 3327 modestos
801 3275 833 3326 et
860 3263 959 3327 bonos
985 3264 1069 3331 viros
1097 3266 1219 3349 possint
1244 3266 1371 3331 facilius

417 3363 586 3449 expellere,
599 3386 696 3449 quam
711 3363 839 3450 expelli.
884 3366 990 3452 Serpit
1005 3366 1088 3430 enim
1104 3366 1217 3433 illuvio
1230 3368 1329 3448 ioeda,
1338 3383 1370 3432 et

417 3465 547 3530 morbus
561 3487 747 3530 cancerosus
768 3465 801 3529 in
824 3489 946 3545 omnes,
963 3480 1000 3533 ut
1016 3468 1125 3535 nullus
1139 3483 1196 3535 aut
1211 3494 1303 3535 rarus
1318 3470 1369 3547 sit,

416 3589 513 3652 quem
530 3566 617 3631 labes
630 3567 692 3631 ista
707 3589 769 3631 non
792 3569 940 3633 maculet.
986 3570 1106 3635 Omnes
1120 3572 1203 3636 enim
1220 3572 1369 3639 affectant

416 3666 662 3731 benivolentiam
693 3690 815 3746 eorum,
845 3692 917 3734 cum
948 3670 1068 3756 quibus
1097 3671 1227 3737 vivitur.
1272 3671 1369 3747 Quod

416 3767 545 3855 quidem
562 3791 624 3832 non
641 3769 735 3833 modo
752 3770 872 3836 licitum
894 3786 954 3849 est,
970 3772 1024 3836 sed
1042 3772 1231 3847 honestum;
1255 3786 1369 3859 utpote

415 3874 533 3948 omnia,
549 3894 623 3957 quse
640 3884 754 3935 natura
769 3872 927 3937 virtutum
949 3897 1075 3961 parens,
1090 3888 1123 3939 et
1137 3887 1224 3940 recte
1239 3874 1368 3939 vivendi

414 3973 483 4037 dux
513 3974 646 4058 optima,
675 3973 791 4060 gignit.
850 3976 911 4040 Sed
942 3976 1019 4041 dum
1049 3977 1131 4041 banc
1158 3976 1367 4054 affectionem,

415 4074 640 4140 moderationis
662 4076 774 4160 regula
797 4078 926 4156 deserit,
946 4078 1050 4143 fertur
1075 4081 1107 4144 in
1131 4101 1283 4164 praeceps,
1304 4079 1369 4143 dis·

413 4197 607 4261 currensque
630 4200 687 4262 per
712 4182 819 4244 omnia
841 4181 976 4264 agenda,
1005 4195 1036 4245 et
1063 4203 1125 4244 non
1148 4181 1283 4265 agenda,
1309 4206 1368 4267 per

412 4276 575 4340 infamiam
602 4292 632 4342 et
663 4280 775 4344 bonam
802 4282 931 4362 famam,
954 4282 1074 4349 favoris
1102 4306 1237 4369 auceps,
1254 4284 1366 4370 gratiae
