3384 5234
366 698 435 743 car.
451 677 534 756 xva]
707 690 960 737 ronrcaarrcus.
1253 670 1313 730 331

367 849 535 926 nocentiae,
559 858 592 911 31
608 844 713 909 inanis
730 843 877 929 justitiae,
900 842 1119 906 testimonium
1141 838 1317 924 perhibere,

368 950 521 1033 populum
548 947 703 1029 religione
727 944 902 1028 juramenti
928 944 970 1007 ad
993 944 1223 1026 professionem
1254 941 1319 1004 1311

368 1064 474 1115 131333
489 1049 676 1113 arctandum
688 1047 823 1123 censuit,
835 1045 962 1110 dicens:
986 1046 1093 1110 Testis
1102 1056 1151 1109 est
1161 1044 1320 1109 Dominus

369 1153 519 1216 adversus
535 1174 601 1229 vos,
617 1162 648 1215 et
667 1150 756 1213 testis
777 1149 924 1214 Christus
945 1148 1014 1232 ejus
1034 1149 1067 1210 in
1090 1148 1141 1211 die
1158 1147 1231 1224 bac,
1246 1144 1321 1227 quia

368 1275 434 1317 non
459 1252 644 1316 inveneritis
670 1252 702 1314 in
730 1272 826 1314 manu
853 1271 925 1314 mea
946 1251 1121 1334 quippiam.
1165 1250 1211 1311 Et
1236 1247 1322 1309 dixit

369 1358 528 1439 populus:
566 1354 683 1419 Testis.
738 1355 786 1416 Ac
817 1353 845 1416 si
879 1352 976 1415 fidem
1006 1353 1079 1415 Deo
1108 1360 1141 1413 et
1169 1349 1237 1431 regi
1262 1368 1321 1411 suo

371 1455 524 1533 debitam,
560 1454 716 1535 religiosae
753 1452 973 1515 affirmationis
1010 1450 1156 1513 obsidem
1191 1449 1321 1512 faciant.

371 1553 467 1626 Quod
482 1567 587 1617 autem
602 1554 801 1616 esculentum
822 1561 856 1615 et
875 1553 1083 1635 poculentum
1097 1550 1267 1633 acceperit,
1282 1548 1322 1611 de

371 1656 526 1738 scriptura
542 1666 664 1719 certum
679 1677 744 1718 non
759 1656 873 1718 habeo.
913 1654 967 1718 Sic
983 1655 1068 1717 enim
1086 1654 1237 1735 scriptum
1254 1660 1320 1714 est:

371 1758 392 1819 J
395 1755 547 1820 udicabat
565 1777 692 1840 quoque
708 1757 837 1820 Samuel
859 1758 961 1819 Israel
976 1754 1102 1818 cunctis
1123 1749 1323 1815 diebusvitae

373 1878 450 1934 suae,
471 1869 504 1921 et
526 1859 593 1921 ibat
615 1877 673 1940 per
693 1856 838 1937 singulos
859 1878 962 1919 annos
984 1854 1177 1918 circumiens
1197 1849 1324 1927 Bethel‚

374 1968 406 2020 et
441 1960 587 2041 Galgala,
630 1969 663 2021 et
699 1960 863 2040 Maspbat,
902 1969 935 2021 31
965 1957 1135 2041 judicabat
1171 1952 1322 2017 Israelem

372 2060 406 2121 in
436 2060 629 2143 supradictis
657 2060 749 2136 locis,
778 2060 1054 2141 revertebaturque
1090 2058 1124 2120 in
1154 2053 1323 2118 Ramatha.

374 2162 426 2225 Ibi
450 2163 533 2224 enim
559 2172 625 2225 erat
650 2162 766 2224 domus
795 2160 874 2244 ejus,
898 2171 931 2222 31
953 2161 998 2223 ibi
1016 2158 1187 2243 judicabat
1215 2159 1325 2220 Israel.

375 2265 461 2338 Quid
476 2265 565 2329 aliud
579 2265 703 2329 videtur
718 2285 829 2328 sonare
843 2264 946 2343 litera,
957 2264 1019 2327 nisi
1032 2263 1119 2346 quod
1129 2262 1326 2347 provinciam

375 2389 417 2429 ex
433 2367 539 2430 officio
555 2368 721 2446 circuibat,
736 2367 778 2429 ad
798 2367 1016 2449 expletionem
1034 2365 1163 2450 judicii,
1179 2376 1327 2428 3113331-

375 2468 500 2530 tebatur
515 2466 656 2546 domum,
669 2466 756 2530 31113
772 2468 903 2550 proprio
919 2468 1117 2530 satisfaceret
1127 2462 1325 2530 necessitati?

375 2567 560 2631 AEdificavit
575 2568 671 2630 etiam
691 2568 735 2629 ibi
753 2568 851 2629 altare
865 2566 1018 2627 Domino.
1062 2566 1164 2629 Recte
1184 2565 1329 2648 quidem,

376 2689 414 2731 eo
436 2667 524 2750 quod
539 2667 618 2750 juge
639 2665 832 2730 sacrificium
852 2686 922 2728 3333
942 2675 1087 2749 oporteat
1105 2667 1139 2728 iu
1161 2665 1256 2730 domo
1275 2668 1328 2751 ju·

378 2767 470 2844 dicis,
485 2790 558 2851 quae
573 2768 662 2831 cultu
669 2766 815 2851 justitia,
831 2777 863 2829 31
878 2787 1000 2829 morum
1014 2767 1194 2845 honestate,
1208 2779 1241 2833 et
1254 2770 1329 2834 luce

377 2869 534 2930 bonorum
564 2890 707 2951 operum,
737 2868 877 2950 seipsam
907 2869 1040 2932 exbibet
1068 2872 1223 2953 templum
1253 2870 1328 2935 Dei.

341 2968 351 2976 ’
379 2968 447 3032 Ubi
469 2969 584 3034 amodo
606 2991 673 3033 non
694 2971 874 3032 immolatur
895 2970 1025 3051 sanguis
1046 2971 1207 3035 hircorum
1228 2983 1260 3037 31
1283 2974 1330 3036 vi·

377 3070 526 3148 talorum,
549 3090 609 3132 nec
637 3069 720 3133 cinis
746 3070 852 3132 vitulae
876 3069 1059 3151 inquinatos
1084 3071 1265 3136 sanctificat
1288 3073 1331 3138 ad

378 3169 637 3234 emundationem
661 3170 775 3249 carnis,
797 3170 854 3234 sed
879 3191 936 3252 per
959 3170 1143 3253 pontificem
1167 3194 1330 3255 magnum,

380 3272 435 3354 qui
457 3273 632 3355 penetravit
654 3275 764 3348 coelos,
787 3274 900 3337 Jesum
923 3272 1023 3335 filium
1047 3274 1123 3351 Dei,
1144 3276 1263 3359 ubique
1282 3278 1330 3339 lo·

379 3394 489 3436 corum
505 3374 609 3436 offerri
625 3373 721 3437 debet

485 3485 665 3558 compositum
672 3489 716 3560 jus
727 3486 819 3556 fasque
830 3488 920 3553 animi,
932 3488 1065 3558 3311311333
1075 3506 1193 3543 recessus

486 3571 597 3637 Mentis,
610 3578 637 3625 31
647 3574 775 3627 incoctum
786 3590 912 3641 generoso
923 3579 1013 3647 pectus
1023 3574 1142 3628 honesto.

380 3685 457 3747 Veri
472 3685 631 3768 siquidem
648 3686 839 3766 adoratores,
855 3689 902 3752 sic
917 3688 1050 3753 adorant
1069 3699 1192 3773 patrem
1206 3691 1241 3755 in
1267 3695 1334 3779 spi·

380 3787 442 3850 ritu
457 3796 489 3851 et
504 3787 643 3851 veritate.
689 3790 782 3852 Anne
797 3790 901 3854 credis
926 3791 1186 3880 eumfaccepisse
1211 3796 1334 3880 aliquid

380 3886 511 3950 nomine
527 3886 762 3969 sportularum?
807 3889 884 3952 Hoc
900 3889 986 3952 enim
1001 3899 1161 3973 praetextu
1186 3915 1252 3957 non
1266 3905 1334 3960 tam

375 3984 504 4069 judices
529 4007 624 4069 quam
651 3987 848 4071 judiciorum
874 4007 1047 4070 cauponae,
1072 3990 1127 4073 qui
1158 3994 1335 4078 nequitiam

382 4108 471 4149 suam
501 4088 637 4152 honesta
666 4091 778 4152 volunt
805 4090 939 4173 palliare
967 4091 1106 4170 licentia,
1136 4093 1335 4179 iniquitatem

382 4206 471 4249 suam
497 4188 638 4266 colorare
672 4188 826 4266 nituntur,
860 4202 1039 4272 quaerentes
1074 4188 1197 4257 scilicet
1227 4197 1336 4279 aliqua

383 4287 599 4353 emolumenta
623 4292 833 4372 negotiorum,
868 4311 1002 4375 quorum
1028 4313 1087 4376 pro
1121 4303 1212 4377 parte
1240 4318 1336 4365 onera
