3384 5234
416 712 476 770 100
647 692 784 765 scaurus
799 721 1079 767 sransnnmansrs
1230 703 1310 782 [nra.
1326 710 1364 763 rr.

413 872 519 935 dinem
542 881 680 935 teneant.
725 873 892 958 Utrosque
914 876 1068 935 alterutra
1090 870 1271 954 Astrologia
1292 892 1365 933 eru·

413 971 543 1037 ditionis
569 994 636 1035 suae
662 973 775 1058 recipit
802 974 1003 1056 professores.
1051 973 1131 1035 Sunt
1159 970 1223 1050 alii,
1249 974 1306 1054 qui
1332 972 1364 1032 in

413 1070 606 1158 professione
629 1082 786 1134 astrorum
815 1071 941 1135 veritati
968 1071 1098 1156 quidem
1126 1070 1304 1154 invigilant,
1329 1092 1366 1133 eo

416 1171 483 1234 solo
509 1170 662 1245 contenti,
690 1170 714 1233 si
743 1170 931 1255 positionem
962 1194 1080 1251 veram,
1108 1183 1296 1255 motumque
1326 1172 1366 1233 si·

415 1271 540 1349 derum,
556 1273 774 1359 rationemque
790 1272 950 1356 signorum
967 1272 1119 1337 vivaciter
1133 1284 1355 1356 assequuntur.

416 1548 497 1631 Cap.
515 1550 564 1609 19.
587 1546 640 1609 De
662 1548 844 1633 differentia
864 1544 1110 1609 Mathematicae
1129 1546 1325 1619 doctrinalis,
1341 1550 1372 1605 et

459 1650 610 1712 mathesis
624 1651 812 1731 reprobata,
825 1656 856 1712 et
866 1652 1040 1713 traditione
1054 1651 1369 1724 Mathematicornm,

458 1756 491 1813 ct
506 1750 665 1813 erroribus
680 1768 799 1812 eornm.

377 1928 381 1934 -
462 1887 601 1957 VERUM,
617 1880 692 1966 quia
707 1879 872 1965 probabile
888 1891 946 1958 est,
957 1881 1133 1945 coelestium
1150 1882 1288 1967 aliquam
1305 1904 1371 1945 esse

418 1981 582 2055 virtutem,
599 2001 698 2063 quum
712 1991 744 2041 et
760 1978 791 2041 in
809 1991 893 2041 terra
908 2002 969 2041 non
982 1979 1132 2043 credatur
1141 1982 1262 2065 aliquid
1272 1982 1373 2065 gigni,

414 2080 507 2167 quod
529 2103 549 2143 a
568 2102 663 2142 manu
685 2079 807 2165 opificis
828 2079 900 2153 Dei,
917 2080 1037 2143 bonum
1058 2080 1196 2165 aliquem
1220 2103 1282 2142 non
1305 2103 1373 2144 sor·

418 2184 519 2246 tiatur
533 2182 693 2245 effectum.
739 2181 802 2258 Qui
823 2180 1009 2244 curiosiores
1025 2193 1109 2257 sunt,
1126 2180 1299 2244 coelestium
1316 2205 1373 2266 po-

420 2282 553 2348 tentiam
571 2282 775 2366 investigant,
792 2295 823 2345 et
844 2281 884 2343 de
901 2281 1043 2365 singulis,
1058 2304 1132 2366 quae
1151 2282 1184 2344 in
1208 2282 1373 2345 sublunari

419 2382 518 2468 globo
534 2384 738 2467 proveniunt,
755 2385 967 2447 Astronomiae
985 2406 1050 2446 suae
1071 2382 1204 2465 regulis,
1226 2381 1374 2445 nituntur

420 2484 554 2548 reddere
570 2484 732 2547 rationem.
774 2485 839 2561 ¹Est
855 2496 961 2546 autem
979 2482 1192 2546 Astronomiae
1208 2484 1322 2546 nobilis
1341 2497 1373 2547 et

423 2585 559 2671 gloriosa
568 2583 708 2663 scientia,
717 2585 743 2648 si
755 2584 932 2648 clientelam
946 2609 1047 2664 suam,
1056 2586 1139 2649 intra
1148 2585 1374 2650 moderationis

413 2690 524 2751 'metas
545 2687 703 2763 cohibeat,
726 2710 821 2773 quam
846 2688 872 2750 si
896 2688 1052 2751 licentiori
1076 2688 1214 2751 vanitate
1238 2687 1377 2765 excedit,

423 2811 486 2853 non
500 2801 562 2852 tam
576 2789 786 2875 philosophiae
797 2790 926 2874 species,
938 2812 1034 2876 quam
1047 2789 1219 2875 impietatis
1231 2789 1378 2874 decipula

421 2903 482 2954 est.
526 2894 571 2954 Et
595 2891 725 2975 quidem
753 2889 856 2954 multa
882 2906 957 2956 sunt
983 2891 1119 2954 mathesi
1144 2891 1325 2969 doctrinali,
1346 2879 1392 2952 et

423 2992 626 3057 divinatoriae
655 2992 789 3063 mathesi
820 2993 1012 3071 communia,
1039 2993 1094 3057 sed
1120 2991 1198 3055 dum
1225 2992 1378 3055 divinatio

425 3092 605 3156 sobrietatis
619 3115 797 3157 mensuram
821 3094 956 3167 excedit,
974 3107 1042 3158 toto
1058 3092 1214 3156 dissidens
1236 3092 1297 3154 fine
1317 3112 1378 3154 non

425 3194 569 3269 instruit,
583 3193 638 3256 sed
655 3216 747 3256 sunm
765 3193 899 3257 dedocet
914 3194 1133 3278 professorem.
1178 3192 1275 3265 Quod
1296 3191 1379 3254 enim

427 3313 523 3355 zonas
549 3294 743 3377 partiuntur,
773 3293 939 3376 parallelos
965 3293 1197 3373 disterminant,
1222 3317 1293 3357 cum
1321 3291 1383 3355 sin-

427 3391 513 3476 gulis
529 3395 593 3454 suis
608 3391 774 3474 obliquant
788 3392 966 3466 zodiacum,
979 3393 1064 3476 quod
1078 3392 1186 3457 orbem
1200 3394 1265 3457 fere
1277 3407 1379 3458 totum

429 3489 545 3552 coluris
556 3487 700 3571 cingunt,
716 3487 803 3572 quod
827 3489 965 3551 laborem
980 3492 1157 3554 metiuntur
1169 3492 1382 3576 planetarum,

429 3588 516 3673 quod
552 3591 706 3673 Aplanem
742 3588 862 3652 nullius
892 3590 1006 3651 erroris
1035 3592 1223 3674 participem
1253 3592 1383 3667 faciunt,

430 3687 515 3773 quod
541 3711 559 3750 a
582 3688 655 3771 polo
677 3690 805 3765 arctico,
829 3689 869 3752 ad
892 3689 1102 3753 antarcticum
1130 3713 1220 3752 axem
1247 3689 1383 3766 ducunt,

430 3788 517 3874 quod
549 3788 638 3872 signa
669 3813 726 3874 per
756 3788 876 3871 gradus
905 3803 936 3854 et
963 3804 1083 3874 puncta
1109 3790 1270 3866 dividunt,
1298 3794 1385 3875 quod

430 3890 601 3954 orientium
623 3902 656 3953 et
674 3889 886 3953 occidentium
912 3892 1085 3972 signorum,
1100 3904 1131 3954 et
1151 3889 1290 3953 siderum
1312 3914 1385 3976 pro-

431 3992 614 4075 portionem*
636 4002 755 4069 tenent,
782 3990 912 4075 utrique
939 4013 1106 4053 commune
1133 4004 1190 4054 est.
1236 3992 1387 4077 Utraque

431 4104 535 4155 tamen
560 4090 591 4151 in
614 4113 650 4151 eo
669 4088 806 4175 physicis
821 4089 1004 4173 acquiescit,
1027 4091 1115 4174 quod
1140 4091 1385 4154 teneritudinem

434 4189 599 4254 subtilium
615 4212 794 4276 corporum,
809 4190 839 4252 in
860 4191 1011 4276 quasdam
1030 4202 1130 4255 sectas
1146 4190 1222 4267 riae,
1238 4203 1270 4253 et
1286 4190 1387 4254 circu·

395 4377 399 4384 ³
424 4292 535 4392 ¹‘lorum
552 4292 804 4379 intracapedines
819 4313 883 4355 non
901 4292 1035 4357 aestimat
1046 4292 1205 4377 dissipari.
1230 4294 1386 4356 Asserunt
