3384 5234
423 691 483 749 102
683 706 820 751 Joauurs
835 705 1115 750 smasuantuusrs
1240 689 1322 767 [aaa.
1339 706 1379 749 11.
1414 736 1417 739 .

423 867 505 918 turae
521 854 571 928 sit,
589 855 886 941 potentioribusque
906 856 1073 919 cohaereat.
1122 855 1215 920 Unde
1231 855 1376 940 plerique

423 977 495 1017 eum
524 958 696 1040 praesulem
720 958 911 1040 eloquentiae
937 961 1122 1043 opinantur,
1144 980 1182 1019 eo
1209 956 1295 1042 quod
1323 956 1377 1019 illa

420 1054 537 1136 juncta
566 1052 729 1137 sapientiae
758 1053 934 1139 plurimum
964 1057 1076 1140 prosit,
1102 1054 1232 1119 malitiae
1262 1053 1380 1117 sociata

424 1170 533 1217 noceat
563 1154 749 1240 plurimum.
802 1156 884 1218 Haec
913 1155 1041 1240 quidem
1072 1156 1130 1220 etsi
1161 1178 1224 1219 non
1254 1155 1376 1231 docuit,

423 1267 541 1321 sectam
558 1269 661 1320 tamen
679 1256 794 1320 erroris
807 1257 916 1340 attigit
934 1256 1096 1337 Lucanus,
1112 1281 1211 1343 quum
1231 1258 1375 1322 timorem

423 1356 512 1422 urbis
527 1356 736 1437 describeret,
761 1356 947 1443 bellumque
964 1357 1056 1422 civile
1076 1359 1256 1423 necessariis
1279 1372 1379 1423 astro-

426 1462 541 1523 nomiae
585 1460 782 1544 argumentis
829 1459 1055 1525 inevitabiliter
1101 1461 1378 1547 appropinquante

425 1561 550 1624 Caesare
584 1561 729 1624 futurum
760 1560 976 1627 denunciaret.
1022 1562 1132 1627 Innuit
1162 1562 1244 1625 enim
1277 1565 1377 1627 Poeta

423 1662 633 1737 doctissimus,
657 1663 682 1726 si
705 1676 810 1726 tamen
838 1666 937 1727 Poeta
963 1662 1119 1729 dicendus
1141 1678 1198 1739 est,
1224 1666 1376 1749 quivere

423 1764 601 1828 narratione
624 1785 729 1827 rerum
756 1764 797 1827 ad
821 1763 987 1828 historicos
1012 1765 1114 1848 magis
1136 1764 1267 1841 accedit,
1292 1764 1378 1827 illius

422 1865 574 1929 malitiam
598 1865 859 1949 irrefragabiliter
882 1864 1129 1950 adimplendam,
1153 1866 1208 1949 qui
1234 1866 1321 1930 solus
1343 1865 1374 1928 in

423 1965 538 2029 throno
557 1968 604 2031 sui
625 1966 778 2031 domicilii
802 1966 969 2031 residebat.
1016 1969 1061 2030 Et
1077 1967 1149 2031 licet
1165 1966 1285 2051 figulus
1301 1969 1377 2029 Par-

423 2088 531 2128 carum
554 2067 683 2130 consilia
704 2068 866 2145 discutiat,
887 2078 1089 2153 mentemque
1110 2068 1284 2143 stellarum,
1305 2091 1373 2131 cor·

420 2190 534 2253 porum
552 2177 655 2232 lamen
668 2193 741 2255 quae
756 2169 915 2246 videntur,
927 2169 1069 2232 nondum
1086 2172 1210 2254 plenam
1226 2168 1371 2231 notitiam

422 2269 567 2349 tradidit,
581 2294 681 2355 quum
702 2272 734 2336 in
751 2285 818 2335 tota
833 2270 1134 2335 Mathematicorum
1147 2269 1252 2343 domo,
1268 2269 1374 2332 adhuc

426 2394 487 2434 nou
516 2374 556 2438 sit
585 2375 721 2459 quaestio
750 2374 913 2459 expedita,
943 2397 983 2436 an
1009 2396 1048 2437 ex
1078 2372 1243 2435 elementis
1273 2373 1376 2435 sidera

419 2487 574 2549 constent,
592 2497 630 2537 an
648 2498 685 2537 ex
708 2473 823 2559 quinta
842 2475 988 2552 essentia,
1005 2496 1101 2559 quam
1125 2472 1311 2538 Aristoteles
1326 2474 1374 2536 in·

419 2573 569 2639 troducit.
615 2576 698 2638 Nam
720 2574 807 2660 quod
824 2573 869 2638 eis
882 2574 1038 2660 objiciunt
1054 2574 1157 2659 pueri,
1172 2572 1280 2636 mollia
1295 2575 1371 2649 sint,

419 2699 458 2739 an
481 2677 574 2755 dura,
593 2689 624 2741 et
647 2677 672 2740 si
695 2676 771 2762 quid
793 2677 978 2761 hujusmodi
993 2691 1052 2757 est,
1074 2676 1168 2740 etiam
1185 2675 1296 2740 audire
1318 2674 1373 2738 de·

418 2776 603 2861 dignantur,
627 2776 773 2861 quamvis
795 2777 923 2862 aliquos
945 2778 1092 2857 famosos,
1115 2788 1146 2840 et
1170 2798 1226 2839 suo
1248 2776 1371 2860 judicio

417 2875 584 2958 sapientes,
623 2880 654 2941 in
685 2877 802 2942 talibus
840 2878 973 2942 viderim
1009 2878 1182 2942 miserrime
1218 2876 1371 2941 laborare.

415 2977 605 3061 Expediunt
628 2992 744 3059 tamen,
766 2993 798 3043 et
822 2980 888 3043 suis
913 2980 1092 3044 rationibus
1117 2979 1265 3064 probant,
1287 2977 1366 3063 quid

417 3076 483 3141 fata
517 3079 703 3158 deliberent,
741 3096 772 3148 et
806 3082 1003 3168 deprehensa
1037 3080 1185 3145 voluntas
1219 3079 1370 3154 siderum,

414 3199 509 3261 quem
523 3179 553 3242 iu
571 3181 736 3245 sublunari
751 3182 847 3265 globo
864 3183 1015 3246 sortiatur
1030 3182 1188 3245 effectum.
1225 3182 1271 3241 Et
1286 3178 1369 3241 forte

415 3282 569 3345 sententia
584 3284 722 3346 numinis
743 3283 833 3346 irrita
856 3296 915 3361 est,
930 3306 1027 3367 quam
1043 3305 1105 3345 non
1122 3280 1366 3345 mathematicus

415 3382 554 3464 profert:
580 3384 625 3447 ait
641 3406 736 3466 ergo,

521 3482 599 3541 Quod
611 3480 692 3532 cladis
703 3498 795 3547 genus,
807 3499 822 3531 o
834 3482 929 3550 superi,
942 3499 994 3549 qua
1006 3487 1078 3552 peste.
1090 3482 1188 3551 paratis

520 3565 668 3617 Saevitiam?
687 3566 778 3617 aeterni
791 3564 930 3617 multorum
942 3572 1042 3635 tempus
1053 3567 1081 3616 in
1092 3582 1172 3616 unum

520 3652 671 3703 Convenere
684 3652 751 3703 dies:
771 3668 869 3704 summo
881 3653 903 3702 si
915 3650 1011 3720 frigida
1023 3650 1088 3703 coelo

520 3734 602 3788 Stella
613 3754 708 3789 nocens
718 3738 806 3804 nigros
819 3739 922 3789 Saturni
936 3738 1087 3791 accenderet
1098 3737 1183 3801 ignes,

516 3821 705 3874 Deucalioneos
715 3821 826 3874 fudisset
838 3823 970 3891 Aquarius
980 3824 1085 3884 imbres,

515 3908 634 3974 'l‘otaque
646 3907 739 3959 diffuso
750 3907 870 3960 latuisset
880 3909 907 3959 in
919 3927 1021 3978 aequore
1033 3907 1119 3960 tellus.

516 3996 544 4047 Si
556 4012 652 4047 saevum
665 3995 744 4046 radiis
756 3994 912 4048 Nemeaeum
925 3995 1026 4047 Phoebe
1040 3996 1155 4046 Leonem

516 4081 594 4133 Nunc
606 4098 743 4152 premeres,
757 4084 812 4132 toto
823 4079 935 4133 fluerent
947 4081 1067 4133 incendia
1078 4078 1183 4143 mundo,

516 4167 710 4234 Succensusque
722 4165 773 4217 tuis
785 4165 923 4232 flagrasset
934 4165 1048 4217 curribus
1060 4164 1149 4216 aether.

517 4251 556 4304 Hi
567 4256 670 4304 cessant
680 4250 767 4318 ignes:
787 4254 815 4302 lu
828 4251 871 4320 qui
882 4249 1011 4320 flagrante
1024 4251 1165 4301 minantem

513 4339 635 4411 Scorpion
647 4337 761 4392 incendis
774 4337 865 4405 cauda,
879 4336 1017 4407 chelasque
1029 4337 1137 4408 peruris,
