3384 5234
400 694 464 753 att
660 702 796 748 maurus
812 698 1092 745 senosanamusrs
1184 683 1267 763 [mn.
1283 702 1360 746 rur.

405 854 532 942 adjecit,
550 853 612 916 Sed
629 863 720 937 pater
735 872 823 915 meus
838 872 932 934 saepe.
976 848 1046 916 Joci
1061 849 1171 936 itaque
1186 851 1361 936 asperitate

406 957 528 1021 urbana
550 953 696 1017 notitiam
719 950 872 1030 omnium,
890 962 923 1014 et
944 949 1191 1024 familiaritatem
1218 953 1360 1037 Impera-

407 1058 485 1122 toris
500 1056 560 1119 sibi
574 1052 763 1118 conciliavit.
809 1057 972 1135 Augustus
992 1051 1024 1114 in
1040 1052 1213 1116 Pollionem
1231 1054 1363 1140 scripse-

408 1172 459 1223 rat
478 1154 699 1222 Fescenninos.
736 1157 780 1218 At
799 1176 870 1237 ego,
891 1152 998 1238 inquit
1020 1152 1132 1233 Pollio,
1153 1167 1252 1219 taceo.
1289 1157 1363 1220 Non

406 1272 454 1325 eat
468 1262 538 1323 leve
551 1257 585 1321 in
600 1278 673 1319 eum
689 1253 823 1318 scribere
838 1252 895 1339 qui
911 1266 1015 1339 potest
1031 1257 1236 1339 proscribere.
1272 1258 1361 1322 Sicut

407 1372 514 1423 autem
537 1378 600 1420 non
622 1353 715 1418 facile
730 1352 928 1437 concipiebat
950 1352 1041 1428 iram,
1056 1353 1101 1418 ita
1123 1376 1179 1418 nec
1193 1355 1286 1420 facile
1305 1357 1361 1419 ad·

407 1460 556 1525 mittebat
570 1457 609 1521 ad
626 1455 811 1531 amicitiam,
836 1466 867 1517 et
883 1476 978 1538 quem
992 1460 1086 1519 semel
1098 1456 1278 1534 admiserat,
1289 1480 1362 1521 cou-

409 1560 602 1626 stantissime
622 1556 789 1643 retinebat.
835 1555 950 1619 Eidem
970 1556 1054 1620 inter
1074 1558 1161 1621 varia
1175 1558 1364 1623 dedecoras

409 1662 548 1749 quodam
577 1660 729 1745 probrose
764 1657 925 1743 objectum
955 1668 1015 1737 est,
1043 1658 1130 1743 quod
1159 1659 1363 1745 adoptionem

408 1761 555 1829 avunculi
584 1775 696 1846 stupro
721 1758 883 1838 meruerit,
906 1757 980 1845 quia
1001 1782 1074 1823 eum
1105 1760 1217 1824 Julius
1247 1762 1366 1826 arctius

408 1863 572 1929 admisisse
586 1861 691 1926 dictus
705 1874 764 1937 est,
780 1882 842 1924 non
859 1860 925 1923 sine
946 1882 1073 1925 rumore
1088 1875 1255 1947 prostratae
1271 1862 1364 1949 pudi-

409 1966 504 2031 citiae.
533 1964 628 2027 Alius
641 1985 770 2049 quoque
781 1961 885 2025 eidem
899 1961 1000 2026 iratus
1010 1963 1137 2049 objecit,
1150 1966 1238 2048 quod
1254 1965 1365 2029 solitus

410 2078 490 2129 esset
506 2086 599 2128 crura
614 2063 737 2127 ardenti
748 2062 817 2126 face
829 2062 993 2142 suburere,
1003 2088 1068 2149 quo
1079 2064 1205 2130 mollior
1220 2081 1362 2149 surgeret

411 2162 506 2249 pilus.
552 2161 614 2227 Sed
641 2174 672 2224 et
698 2183 736 2223 eo
762 2162 1014 2246 tympanizante,
1037 2166 1128 2227 utin
1156 2164 1259 2248 primo
1281 2164 1364 2229 libro

411 2264 529 2329 dixisse
545 2284 595 2326 me
607 2262 752 2327 memini:
777 2263 940 2340 Vides-ne,
950 2263 1055 2347 inquit
1070 2264 1212 2350 plebeius
1223 2267 1365 2353 quidam,

412 2378 451 2429 ut
462 2364 602 2428 cinaedus
612 2364 722 2428 orbem
733 2364 833 2449 digito
843 2368 1022 2450 temperat?
1038 2367 1084 2430 Et
1094 2389 1195 2452 quum
1209 2390 1310 2434 nanus
1320 2370 1364 2434 ob

413 2465 553 2552 corporis
583 2465 770 2533 brevitatem
810 2467 1012 2531 convitiantis
1044 2468 1207 2553 cujusdam
1240 2471 1364 2556 impetu

414 2569 583 2649 diceretur,
610 2566 671 2632 sibi
700 2566 914 2633 calciamentis
944 2570 1178 2654 grandiusculis
1207 2574 1363 2657 utendum

414 2691 479 2733 esse
494 2667 667 2754 respondit.
695 2668 840 2734 Tiberius
852 2692 983 2755 quoque
999 2693 1099 2755 quum
1111 2671 1143 2735 iu
1160 2673 1270 2737 multis
1281 2672 1366 2758 lega-

415 2783 470 2834 tur
492 2769 590 2833 fuisse
615 2770 794 2856 culpabilis,
818 2783 923 2834 tamen
950 2772 1103 2838 adversus
1127 2775 1265 2840 convitia
1289 2778 1366 2842 satis

415 2872 526 2935 firmus
552 2894 588 2934 ac
618 2872 742 2957 patiens
767 2872 887 2949 extitit,
913 2872 1037 2938 dicens:
1079 2876 1155 2962 quia
1179 2878 1212 2942 iu
1237 2878 1367 2944 civitate

416 2972 527 3050 libera,
543 2971 669 3057 linguas
684 2972 799 3037 liberas
814 2995 891 3049 esse,
906 2986 938 3038 et
962 2989 1082 3040 mentes
1095 2977 1257 3043 hominum
1273 3003 1367 3067 opor-

416 3076 514 3139 tebat.
560 3075 615 3155 Et,
638 3087 673 3139 ut
695 3075 736 3139 ad
752 3076 876 3161 pejores
891 3088 1060 3156 transeam,
1076 3080 1280 3147 Domitianus
1298 3107 1367 3148 ver-

416 3173 529 3238 borum
557 3172 633 3237 satis
658 3173 781 3258 patiens
806 3174 880 3250 fuit,
905 3173 938 3237 in
969 3200 1034 3261 quo
1059 3177 1103 3241 sic
1129 3178 1240 3246 lusisse
1265 3184 1367 3249 fertur

416 3289 522 3341 orator
544 3275 708 3343 Lucinius.
754 3279 827 3340 Non
843 3299 910 3340 esse
928 3276 1120 3356 mirandum,
1136 3282 1225 3367 qnod
1246 3306 1366 3349 aeneam

416 3377 547 3442 haberet
563 3377 706 3454 barbam,
722 3378 774 3440 eui
789 3401 825 3441 os
840 3381 988 3455 terreum,
1004 3403 1058 3443 cor
1073 3382 1260 3466 plumbeum
1275 3399 1368 3468 esset,

417 3501 454 3542 eo
469 3478 557 3564 quod
569 3478 651 3541 dura
662 3477 821 3544 duntaxat
833 3478 1035 3564 loquebatur,
1048 3504 1122 3567 quae
1134 3507 1173 3548 ex
1185 3486 1366 3571 iniquitatis

418 3578 524 3662 adipe,
539 3599 636 3661 quam
652 3578 747 3642 corde
767 3591 964 3664 conceperat,
979 3582 1202 3663 procedebant.
1248 3586 1371 3670 Iniqui-

418 3676 493 3740 tatis
507 3675 589 3738 enim
605 3676 713 3740 sedere
728 3677 919 3741 describitur
937 3700 1032 3759 super
1055 3681 1208 3745 talentum
1232 3683 1368 3767 plumbi.

418 3774 629 3861 Vespasianus
650 3798 781 3861 quoque
803 3777 844 3839 de
866 3798 933 3860 quo
955 3778 987 3840 in
1010 3779 1092 3843 libro
1114 3782 1263 3860 secundo,
1286 3783 1366 3849 dum

420 3875 716 3960 Hierosolymorum
753 3876 927 3939 destructio
963 3876 1204 3958 describeretur,
1234 3882 1368 3951 fecimus

419 3976 619 4051 mentionem,
632 3977 727 4040 etiarn
740 3975 935 4040 infirmorum
949 3978 1092 4044 convicia
1100 3982 1258 4067 patienter
1270 3986 1345 4050 tulit
1356 4013 1366 4060 ;

419 4083 499 4146 adeo
520 4091 557 4142 ut
582 4100 654 4142 sene
677 4077 819 4144 bubulco
841 4077 1056 4162 proclamante
1082 4082 1113 4146 in
1139 4084 1366 4172 improperium

419 4184 499 4270 ejus,
525 4179 663 4267 Vulpem
687 4180 789 4267 pilum
813 4202 905 4266 posse
929 4194 1051 4247 mutare
1075 4207 1136 4249 non
1161 4187 1313 4267 animum,
1330 4214 1368 4255 eo

416 4285 504 4373 quod
526 4298 641 4351 natura
663 4282 889 4371 cupidissimus
912 4297 993 4351 esset
1017 4289 1172 4381 pecunia,
1186 4314 1243 4356 nec
1265 4294 1367 4358 avari-
