3384 5234
351 733 420 777 car.
437 716 477 789 1.]
701 728 955 775 eonrcnxrrcus
1236 713 1303 775 21ss

351 881 500 967 vitiisque
534 879 741 957 consentiens,
771 878 999 944 exterminator
1030 877 1171 962 Spiritus
1200 882 1303 945 sancti

349 995 408 1046 est.
453 983 553 1045 Porro
575 979 712 1066 Spiritus
735 994 794 1055 est,
810 978 867 1064 qui
889 977 1034 1063 loquitur
1054 977 1252 1063 aequitatem,
1267 979 1301 1043 in

306 1080 308 1087 ’
350 1094 521 1169 conspectu
543 1080 723 1167 principum
745 1102 806 1143 non
828 1080 997 1157 erubescit,
1012 1091 1044 1143 et
1064 1101 1222 1164 pauperes
1239 1080 1304 1164 spi·

350 1183 414 1247 ritu
432 1182 560 1268 regibus
583 1182 759 1267 anteponit,
775 1192 830 1244 aut
851 1192 972 1265 aequat,
988 1192 1021 1244 et
1044 1204 1125 1266 quos
1145 1181 1207 1245 sibi
1230 1180 1304 1245 fecit

351 1282 520 1359 cohaerere,
536 1281 629 1344 docet
646 1280 724 1343 scire
739 1278 839 1364 loqui,
855 1291 886 1343 et
900 1278 1004 1342 facere
1019 1280 1195 1344 veritatem.
1241 1279 1305 1357 Qui

354 1407 429 1446 vero
451 1383 617 1447 veritatem
640 1404 702 1445 non
727 1380 796 1445 vult
819 1380 931 1443 audire
953 1380 1004 1444 rel
1025 1381 1126 1467 loqui,
1149 1404 1168 1445 a
1190 1381 1305 1466 spiritu

354 1485 498 1548 veritatis
519 1484 640 1546 alienus
662 1494 719 1545 est.
766 1481 828 1545 Sed
852 1481 921 1546 haec
944 1482 1108 1547 haetenus.
1153 1486 1250 1546 Nunc
1271 1483 1305 1545 in

354 1610 420 1672 quo
436 1598 591 1671 tyrannus
606 1584 703 1649 distat
720 1607 738 1648 a
753 1582 896 1669 principe
912 1583 1088 1648 audiamus.

357 1776 436 1859 Cap.
456 1780 483 1835 1.
507 1773 609 1837 Dedi
633 1774 757 1834 creatio
781 1774 941 1853 principia
962 1778 993 1835 et
1015 1774 1160 1853 tyranni,
1176 1780 1208 1836 et
1229 1774 1309 1855 quid

723 1873 766 1934 sit
777 1873 938 1953 princeps.

399 1990 467 2051 Esr
483 2010 559 2072 ergo
581 1985 708 2070 tyranni
724 1999 755 2049 et
778 1986 928 2071 principis
950 1986 1018 2051 haec
1039 1987 1217 2053 differentia
1232 1989 1308 2070 sola,

357 2089 443 2173 quod
463 2088 515 2151 hic
536 2088 599 2172 legi
621 2087 829 2173 obtemperat,
851 2102 882 2152 et
905 2090 974 2174 ejus
996 2089 1129 2154 arbitrio
1151 2091 1308 2177 populum

355 2190 449 2275 regit,
475 2190 568 2276 cujus
594 2212 627 2252 se
653 2189 753 2254 credit
778 2189 971 2269 ministrum,
996 2202 1028 2254 et
1053 2192 1086 2255 in
1112 2192 1309 2278 Reipublicae

356 2292 543 2356 muneribus
567 2290 761 2365 exercendis,
789 2302 821 2354 et
845 2293 995 2356 oneribus
1022 2293 1206 2376 subeundis,
1233 2295 1310 2378 legis

356 2392 508 2456 beneficio
524 2391 585 2455 sibi
605 2392 744 2476 primum
766 2392 912 2456 vendicat
934 2392 1049 2468 locum,
1066 2396 1098 2457 in
1114 2418 1215 2481 eoque
1230 2418 1311 2481 prae-

356 2493 458 2558 fertur
470 2492 592 2570 ceteris,
605 2493 694 2579 quod
706 2516 804 2578 quum
817 2493 933 2575 singuli
944 2506 1112 2558 teneantur
1123 2496 1164 2558 ad
1174 2498 1310 2582 singula,

358 2594 493 2681 principi
515 2617 612 2658 onera
634 2594 799 2658 imminent
822 2596 978 2658 universa.
1023 2594 1120 2659 Unde
1142 2597 1255 2661 merito
1277 2598 1309 2661 in

359 2717 431 2757 eum
458 2694 599 2757 omnium
627 2694 831 2758 subditorum
856 2708 997 2780 potestas
1018 2695 1191 2772 confertur,
1216 2710 1252 2761 ut
1276 2698 1309 2762 in

360 2794 499 2859 utilitate
525 2795 720 2879 singulorum
747 2809 779 2861 et
801 2798 943 2862 omnium
966 2798 1163 2883 exquirenda
1184 2812 1216 2865 et
1236 2801 1311 2865 faci-

359 2895 451 2971 enda,
468 2895 611 2981 sibiipsa
627 2898 771 2975 sufficiat,
788 2912 820 2964 et
840 2900 988 2963 humanae
1010 2900 1193 2985 reipublicae
1208 2913 1310 2965 status

359 3000 479 3082 optime
500 2997 698 3084 disponatur,
712 3000 789 3063 dum
815 3016 890 3065 sunt
911 3000 991 3064 alter
1010 3000 1140 3065 alterius
1159 3006 1310 3068 membra.

362 3098 401 3160 In
418 3121 483 3184 quo
498 3098 628 3183 quidem
643 3100 795 3186 optimam
820 3100 945 3164 vivendi
966 3100 1079 3163 ducem
1101 3113 1246 3164 naturam
1264 3124 1311 3165 se·

359 3199 499 3284 quimur,
516 3223 589 3286 quae
612 3200 804 3288 μικςοκόσμου
826 3202 886 3281 sui,
900 3202 933 3265 id
956 3214 1014 3279 est,
1036 3201 1149 3265 mundi
1171 3201 1310 3279 minoris,

359 3303 495 3367 hominis
511 3304 639 3385 scilicet,
655 3327 763 3370 sensus
786 3305 949 3377 universos
968 3305 1000 3369 in
1016 3306 1120 3391 capite
1134 3306 1311 3383 collocavit,

298 3387 310 3403 ⁸
362 3416 394 3467 et
416 3407 446 3467 ei
468 3407 512 3468 sic
536 3405 682 3471 universa
704 3408 845 3472 membra
870 3406 1016 3493 subjecit,
1041 3421 1077 3471 ut
1100 3406 1206 3471 omnia
1227 3420 1312 3472 recte

360 3516 560 3582 moveantur,
586 3506 663 3570 dum
694 3511 760 3573 sani
787 3508 899 3596 capitis
929 3521 1107 3593 sequuntur
1132 3510 1312 3575 arbitrium.

363 3606 425 3669 Tot
441 3627 518 3690 ergo
539 3618 571 3670 et
594 3610 691 3673 tantis
711 3611 886 3695 privilegiis
910 3633 990 3695 apex
1015 3609 1198 3696 principalis
1213 3611 1314 3676 extol-

361 3706 451 3783 litur,
463 3720 495 3771 et
511 3707 712 3794 splendescit,
724 3724 804 3799 quot
819 3724 851 3775 et
864 3724 985 3798 quanta
997 3710 1057 3774 sibi
1069 3711 1129 3797 ipsi
1142 3712 1314 3777 necessaria

363 3809 508 3875 credidit.
542 3815 642 3877 Recte
658 3812 798 3897 quidem,
813 3818 890 3899 quia
905 3813 1026 3900 populo
1042 3814 1120 3878 nihil
1132 3814 1244 3879 utilius
1255 3826 1313 3890 est,

363 3931 458 3994 quam
477 3924 513 3975 ut
528 3911 679 3997 principis
691 3915 859 3978 necessitas
869 3915 1059 4000 expleatur?
1082 3916 1202 4001 quippe
1214 3938 1314 4002 quum

364 4035 421 4076 nec
441 4014 589 4092 voluntas
609 4017 689 4100 ejus,
706 4016 844 4101 justitiae
866 4017 1046 4082 inveniatur
1065 4018 1208 4083 adversa.
1253 4023 1314 4083 Est

364 4134 452 4195 ergo,
481 4127 516 4178 ut
542 4137 614 4178 eum
643 4116 787 4203 plerique
813 4116 981 4195 definiunt,
1006 4113 1316 4203 princeps'potestas

365 4213 505 4295 publica,
517 4227 549 4278 et
564 4217 701 4280 interris
717 4218 865 4303 quaedam
877 4217 996 4281 divinae
1011 4218 1184 4301 majestatis
1198 4218 1314 4301 imago.

368 4312 584 4377 Proculdubio
599 4336 748 4399 magnum
762 4315 839 4401 quid
854 4314 970 4378 divinae
988 4313 1126 4394 virtutis
1137 4313 1316 4379 declaratur
1387 4340 1389 4342 ’
