3384 5234
415 709 474 770 136
671 724 807 769 manens
823 722 1104 772 sauusssamnsrs
1232 706 1312 785 [im.
1329 727 1365 771 rr.

416 877 481 939 tius
497 874 650 939 mendacii
666 874 842 939 credendus
864 889 942 955 erat,
957 897 1054 960 quam
1071 874 1205 939 occultae
1222 876 1366 940 veritatis

413 975 578 1061 interpres.
613 976 719 1062 Vulgo
733 974 891 1059 siquidem
904 999 1004 1059 quum
1021 977 1095 1062 quis
1106 976 1277 1040 mentiendi
1290 990 1367 1041 nota

352 1152 355 1159 Ι
413 1076 565 1153 inuritur,
581 1077 643 1141 dici
658 1077 748 1153 solet,
765 1076 841 1161 quia
857 1081 971 1162 quovis
986 1079 1120 1153 excubo,
1136 1078 1266 1163 vigilive
1281 1100 1367 1142 men·
1386 1164 1388 1167 Ι

414 1176 521 1240 dacior
540 1192 598 1243 est.
644 1180 727 1242 Item
749 1178 1039 1242 chironomanticus
1057 1178 1233 1259 adbibitus,
1247 1192 1279 1244 et
1294 1201 1368 1244 con-

416 1278 518 1341 sultus
534 1278 612 1363 quid
636 1278 797 1349 contulit?
835 1282 920 1343 Nam
936 1279 1049 1351 subeo
1069 1278 1204 1343 articulo
1221 1292 1365 1365 uterque,

416 1379 563 1466 quisquis
578 1381 638 1444 hoc
653 1381 765 1466 egerit,
776 1381 944 1445 consultus.
956 1395 1014 1448 est.
1046 1382 1100 1446 Tu
1116 1382 1244 1467 quidem
1257 1381 1367 1467 paucis

415 1481 530 1547 diebus
551 1481 675 1570 elapsis,
698 1482 788 1569 quasi
811 1481 934 1545 stellam
963 1482 1149 1546 matutinam
1172 1482 1295 1568 generis
1317 1482 1366 1546 tui

416 1606 478 1648 non
491 1577 699 1670 praemonitus
709 1584 889 1670 perdidisti.
920 1585 1054 1664 Caetera,
1065 1607 1140 1670 quae
1152 1584 1264 1648 melius
1274 1584 1368 1663 nosti,

417 1687 551 1751 scienter
567 1700 675 1761 tace03
707 1708 808 1771 quum
825 1685 878 1749 isti
897 1686 1038 1750 vanitate
1053 1709 1110 1750 sua
1133 1686 1306 1767 meruerint
1327 1709 1367 1749 ne

416 1789 551 1854 ulterius
574 1788 788 1852 consulantur.
833 1787 1085 1873 Pythonicorum
1105 1812 1182 1852 vero
1204 1813 1242 1852 eo
1263 1788 1368 1876 perni-

416 1891 528 1955 ciosior
543 1904 590 1955 est
606 1889 807 1966 consultatio,
824 1912 890 1975 quo
904 1889 1029 1952 foliacia
1051 1890 1261 1974 malignorum
1278 1890 1369 1976 spiri-

416 2004 507 2054 tuum
525 1991 555 2053 in
572 1990 621 2053 bis
637 1990 832 2053 manifestior
855 2003 913 2069 est,
929 1991 985 2076 qui
1001 1990 1067 2053 sive
1082 1994 1286 2071 mentiantur,
1302 1993 1367 2056 sive

415 2112 489 2169 non,
504 2094 535 2154 iu
551 2090 714 2177 proposito
729 2112 853 2175 semper
869 2091 986 2154 babent
1002 2103 1039 2155 ut
1054 2105 1197 2155 noceant.
1236 2091 1369 2159 Fallunt

415 2203 522 2256 autem
545 2191 705 2255 interdum
733 2186 840 2256 studio
864 2191 1007 2272 fallendi,
1030 2193 1191 2256 interdurn
1216 2193 1369 2257 caecitatis

416 2316 483 2358 suta
498 2315 602 2356 errore
618 2292 763 2377 decepti:
787 2293 819 2356 id
837 2307 942 2357 tamen
958 2309 1058 2377 agunt
1073 2292 1210 2372 assidue,
1227 2305 1262 2357 ut
1276 2292 1368 2357 futu·

416 2417 524 2460 rorum
546 2394 663 2457 conscii
683 2416 740 2480 per
762 2396 869 2458 omnia
884 2395 1061 2459 videantur.
1108 2394 1189 2459 Inde
1209 2409 1257 2459 est
1280 2397 1368 2481 quod

417 2494 627 2580 ambiguitate
641 2496 811 2569 verborum
832 2496 1017 2561 obnubilare
1032 2495 1162 2567 student
1177 2496 1315 2575 oracula,
1332 2511 1369 2561 ut

418 2620 515 2684 quum
537 2596 714 2678 mendaces,
733 2610 789 2661 aut
811 2597 940 2663 fallaces
961 2597 1081 2662 inventi
1105 2596 1237 2674 fuerint,
1259 2597 1369 2683 aliquo

418 2700 550 2765 rationis
566 2700 742 2763 velamento
753 2722 842 2763 suam
860 2714 1006 2784 quaerant
1019 2700 1102 2765 tueri
1117 2699 1284 2766 fallaciam.
1317 2700 1369 2765 Sic

420 2804 533 2888 utique
562 2802 671 2867 fallere
700 2824 762 2866 nou
789 2800 960 2881 desistunt,
985 2801 1085 2866 donec
1111 2802 1273 2877 auditores
1296 2826 1371 2867 suos

418 2905 620 2992 praecipitent
647 2904 678 2968 in
703 2904 839 2967 ruinam.
885 2904 947 2969 Cui
972 2904 1055 2967 enim
1079 2926 1098 2967 a
1121 2903 1237 2969 saeculo
1259 2918 1368 2969 vatum

418 3007 567 3090 profuere
581 3010 753 3092 responsa?
782 3008 957 3084 Croeso-ne,
969 3028 1008 3069 an
1027 3005 1164 3092 Pyrrho,
1181 3019 1237 3070 aut
1252 3028 1370 3091 praece-

417 3106 561 3171 dentium
574 3121 630 3173 aut
640 3108 899 3193 subsequentium
912 3110 1082 3192 cuiquam?
1106 3110 1183 3170 Dux
1196 3107 1369 3172 Thebanus

418 3206 495 3273 dum
510 3209 550 3272 de
566 3209 694 3273 oraculo
710 3222 815 3295 sperat
827 3209 1003 3287 victoriam,
1014 3208 1125 3272 fratris
1140 3232 1287 3272 mucrone
1299 3230 1369 3294 per-

419 3306 551 3373 foditur.
597 3312 642 3373 Et
659 3323 764 3374 tamen
787 3331 868 3372 avus
888 3309 989 3372 Laius
1007 3330 1169 3372 successus
1188 3307 1263 3371 belli
1283 3308 1370 3371 visus

419 3421 466 3472 est
483 3410 634 3496 polliceri.
679 3409 766 3491 Quid
780 3410 863 3473 enim
879 3410 968 3475 aliud
984 3408 1184 3497 significaret,
1195 3407 1281 3494 quod
1297 3418 1369 3495 post

420 3504 537 3590 multas
552 3513 702 3599 ambages
715 3511 836 3590 intulit,
1016 3505 1018 3510 ¹
1214 3505 1216 3509 ¹

629 3652 699 3698 certa
711 3653 751 3699 est
762 3646 868 3699 victoria
880 3644 1005 3714 Thebis?

424 3763 585 3826 Caeterum
601 3786 652 3839 ne,
668 3764 859 3849 interempto
873 3762 966 3840 duce,
983 3761 1139 3827 mendacii
1153 3771 1318 3846 arguatur,
1333 3770 1371 3826 ut

421 3860 575 3925 fallaciam
600 3864 751 3948 ambigua
766 3864 906 3927 veritatis
928 3877 1003 3936 nota
1024 3865 1209 3940 obduceret,
1225 3886 1288 3953 quo
1308 3883 1373 3925 ma·

418 3961 521 4030 ‚litiam
539 3975 677 4059 tueatur,
693 3964 841 4049 subjecit,
1243 3969 1245 3974 ’

598 4096 653 4148 Hei
665 4096 729 4147 mihi
740 4114 787 4167 per
797 4095 898 4163 gladios
909 4098 971 4150 vicit
982 4104 1064 4170 pater.

426 4216 477 4280 Sic
492 4238 568 4298 ergo
583 4214 659 4278 dum
682 4216 770 4301 quasi
786 4215 924 4279 fatorum
949 4216 1078 4281 consilio
1099 4236 1227 4280 securus
1241 4213 1281 4278 ad
1299 4238 1371 4301 par-

424 4320 570 4405 ricidium
592 4318 755 4404 invitatur,
770 4321 884 4406 laqueo
906 4320 1078 4405 impietatis
1095 4317 1239 4384 ,trahitur
1259 4318 1301 4383 ad·
1320 4342 1371 4383 oc-
