3384 5234
365 670 408 736 28
626 685 762 731 scaurus
778 683 1057 730 sanusnuurnusrs
1198 663 1279 743 [mn.
1296 682 1318 726 1.

366 863 410 905 ex
439 840 551 924 inopia
577 839 756 918 reticentur,
782 839 844 902 nisi
873 860 915 902 ex
943 858 982 900 ea
1006 838 1088 899 forte
1114 857 1209 919 quam
1235 835 1319 919 parit

365 942 471 1026 copia,
493 940 552 1005 sed
572 962 614 1004 ne
636 951 758 1003 mentes
779 940 958 1020 lugentium
977 938 1083 1001 adbuc
1107 938 1318 1001 immoderato

367 1040 477 1105 dolore
506 1040 675 1118 sauciatas,
706 1040 883 1103 recentium
912 1038 1113 1101 refricatione
1143 1039 1320 1110 vulnerum,

365 1142 490 1225 gravius
502 1144 692 1206 ulceremus.
730 1141 918 1204 Domestica
929 1160 1067 1223 namque
1079 1149 1154 1203 sunt
1168 1140 1319 1222 exempla

366 1264 465 1328 quam
479 1243 637 1327 plurimis.
685 1242 725 1305 In
741 1252 861 1305 tantam
881 1262 954 1304 vero
978 1241 1107 1324 quidam
1121 1241 1218 1326 hujus
1232 1240 1319 1303 vani-

365 1345 440 1409 tatis
464 1344 618 1408 instinctu
644 1364 778 1427 erupere
804 1343 976 1421 vesaniam,
1000 1354 1035 1407 ut
1061 1344 1169 1406 hostes
1197 1353 1318 1405 naturae

369 1447 492 1523 fierent,
523 1445 718 1510 conditionis
748 1466 814 1509 suae
844 1446 1055 1522 immemores,
1080 1443 1179 1507 divini
1202 1441 1320 1527 judicii

366 1556 615 1632 contemptores,
638 1547 715 1611 dum
737 1547 966 1612 invindictam
987 1548 1133 1625 ferarum,
1147 1546 1319 1629 imaginem

366 1650 429 1712 Dei
458 1648 626 1733 exquisitis
654 1649 824 1732 suppliciis
854 1648 1070 1732 subjugarent.
1129 1649 1201 1710 Nec
1232 1646 1322 1709 veriti

369 1757 443 1811 snut
457 1748 620 1811 hominem
637 1767 694 1829 pro
710 1746 847 1809 bestiola
861 1745 1003 1827 perdere,
1018 1767 1114 1829 quem
1137 1746 1322 1830 unigenitus

338 1919 340 1924 ,
369 1847 503 1912 redemit
522 1846 679 1927 sauguine
695 1867 762 1908 suo.
809 1847 890 1917 Quae
905 1847 978 1909 serae
993 1858 1113 1908 naturae
1128 1858 1212 1923 sunt,
1227 1859 1260 1909 et
1281 1845 1321 1909 de

363 1947 436 2033 jure
452 1947 680 2029 occupantium
700 1945 792 2025 fiunt,
808 1946 870 2009 sibi
891 1946 989 2009 audet
1007 1947 1148 2010 humana
1162 1949 1322 2011 temeritas

370 2046 560 2130 inspiciente
582 2046 726 2109 Domino
742 2045 924 2120 vendicare,
940 2059 972 2109 et
993 2046 1079 2109 idem
1096 2045 1179 2128 juris
1198 2048 1232 2109 in
1254 2066 1322 2108 om·

368 2147 465 2213 nibus
490 2148 677 2231 ubicunque
703 2147 766 2211 sint
789 2148 910 2226 statuit,
932 2168 969 2210 ac
996 2147 1023 2211 si
1050 2149 1178 2211 claustri
1201 2148 1252 2210 sui
1274 2149 1321 2209 in·

371 2247 485 2330 dagine
508 2248 655 2311 universa
680 2246 846 2310 cinxisset.
893 2246 1054 2332 Quodque
1077 2248 1178 2330 magis
1200 2248 1324 2325 mirere,

371 2348 505 2432 pedicas
518 2369 630 2430 parare
646 2349 771 2424 avibus,
787 2350 920 2432 laqueos
936 2359 1055 2427 texere,
1066 2350 1193 2413 allicere
1207 2348 1324 2422 modist,

373 2450 424 2512 vel
443 2448 561 2522 fistula,
577 2470 615 2512 ac
638 2448 887 2531 quibuscunque
907 2449 1033 2513 insidiis
1055 2453 1270 2534 supplantare,
1285 2471 1327 2513 ex

372 2549 480 2614 edicto
491 2569 577 2632 saepe
590 2548 628 2612 fit
643 2549 796 2627 criminis,
808 2561 842 2613 et
857 2551 906 2614 vel
920 2553 1151 2637 proscriptione
1167 2554 1323 2616 bonorum

372 2653 552 2730 mulctatur,
568 2653 619 2715 rel
634 2653 848 2715 membrorum
863 2653 994 2737 punitur
1009 2655 1183 2736 salutisque
1198 2654 1325 2738 dispen-

373 2754 437 2819 dio.
481 2753 637 2818 Volucres
660 2754 735 2817 coeli
756 2764 789 2818 et
806 2755 915 2839 pisces
937 2757 1034 2819 maris
1056 2777 1241 2819 communes
1255 2777 1326 2818 esse

373 2855 529 2932 audieras,
551 2854 610 2918 sed
639 2856 709 2919 haec
741 2856 812 2920 fisci
834 2866 920 2934 sunt,
947 2878 1027 2940 quas
1051 2857 1198 2921 venatica
1222 2857 1324 2939 exigit

373 2957 560 3038 ubicunque
575 2958 695 3021 rolant.
740 2959 877 3021 Manum
892 2959 1032 3040 contine,
1045 2959 1176 3023 istarum
1192 2960 1328 3035 abstine,
1394 2946 1397 2952 ¹

374 3079 416 3121 ne
431 3064 463 3120 et
477 3066 513 3120 tu
528 3056 563 3118 in
575 3078 704 3140 poenam
719 3059 805 3121 laesae
821 3058 1012 3143 majestatis,
1028 3059 1218 3124 venantibus
1232 3059 1328 3123 cadas

375 3161 409 3223 in
438 3157 590 3241 praedam.
650 3161 678 3222 Α
708 3159 878 3224 novalibus
907 3162 974 3224 suis
1000 3171 1144 3225 arcentur
1170 3163 1326 3243 agricolae,

375 3259 451 3324 dum
481 3261 556 3324 ferae
591 3261 731 3324 habeant
770 3261 907 3343 vagandi
943 3263 1131 3326 libertatem.
1190 3264 1260 3325 lllis
1294 3275 1329 3325 ut

375 3380 496 3443 pascua
532 3371 718 3438 augeantur,
755 3360 876 3443 praedia
915 3361 1144 3423 subtrahuntur
1180 3363 1329 3444 agricolis

376 3460 555 3532 sationalia,
586 3458 714 3521 insitiva
743 3462 880 3539 colonis,
906 3481 1102 3544 compascua
1131 3464 1327 3528 armentariis

376 3570 409 3624 et
430 3557 594 3642 gregariis,
617 3559 755 3622 alvearia
778 3582 797 3624 a
818 3562 983 3625 floralibus
1003 3562 1228 3641 excluduntur,
1249 3565 1329 3647 ipsis

376 3682 506 3747 quoque
529 3660 646 3744 apibus
666 3660 722 3724 vix
745 3664 883 3727 naturali
904 3664 1050 3729 libertate
1074 3666 1119 3729 uti
1140 3667 1331 3750 permissum

375 3773 435 3828 est.
480 3762 570 3824 Deus
596 3762 692 3834 bone,
716 3762 804 3846 quod
831 3775 974 3843 oestrum,
998 3775 1031 3829 et
1056 3778 1188 3831 caeteras
1213 3781 1329 3852 pestes,

375 3885 448 3948 quae
484 3884 551 3926 non
580 3863 672 3939 feras,
703 3862 760 3927 sed
790 3862 917 3929 delitias
955 3877 1126 3949 potentum
1155 3872 1329 3952 exagitant,

377 3975 444 4028 toto
455 3973 624 4046 potentatu
635 3985 693 4028 suo
705 3986 770 4027 nou
783 3979 920 4048 possunt
931 3966 1072 4051 abigere,
1084 3993 1182 4055 quum
1194 3984 1226 4036 et
1236 3972 1331 4035 culex

378 4066 413 4129 in
428 4064 583 4129 ultionem
598 4065 737 4129 hominis
753 4078 903 4142 armatus,
919 4071 1105 4134 acrimoniae
1120 4094 1185 4135 suae
1202 4072 1331 4135 aculeos

379 4168 412 4232 iu
435 4168 518 4231 feras
540 4178 626 4231 recte
648 4180 808 4232 exerceat.
855 4170 907 4234 Sic
929 4170 955 4232 si
976 4170 1030 4234 hic
1053 4172 1159 4250 fueris,
1174 4173 1207 4234 in
1230 4192 1331 4235 annos

377 4270 501 4353 cogeris
530 4281 599 4333 satu
628 4270 780 4335 redimere
811 4273 859 4334 vel
890 4272 1045 4335 amittere.
1101 4272 1194 4354 Elige
1223 4284 1329 4338 utrum
