3384 5234
342 725 417 772 car.
434 710 522 790 vnn]
691 728 943 773 ennronarrous
1234 713 1298 772 245

340 898 440 961 quum
455 878 658 963 exigentibus
669 879 771 965 culpis
783 879 923 944 vindicta
933 876 1127 964 exposcitur,
1138 900 1175 940 ea
1190 891 1297 941 tamen

339 978 464 1063 peragit
486 979 588 1045 invita
606 980 729 1045 dextra.
775 980 940 1045 Sinistram
958 1001 1097 1064 namque
1115 1001 1177 1043 non
1198 977 1296 1042 babet

339 1078 497 1166 princeps,
515 1094 546 1146 et
567 1080 599 1144 in
619 1082 762 1146 cruciatu
787 1082 1001 1145 membrorum
1025 1085 1176 1166 corporis,
1197 1081 1292 1167 cujus

339 1177 406 1264 ipse
415 1195 513 1268 caput
523 1194 583 1258 est,
594 1182 657 1267 legi
670 1182 769 1247 tristis
780 1194 812 1246 et
821 1205 951 1268 gemens
961 1181 1145 1248 famulatur.
1168 1182 1289 1269 Philip·

338 1301 400 1364 pus
414 1304 516 1367 quum
531 1281 670 1348 audisset
688 1284 837 1369 Phytiam
854 1281 1014 1368 quendam
1029 1283 1148 1347 bouum
1165 1304 1291 1369 pugna-

337 1389 449 1457 torem,
461 1382 632 1447 alienatum
648 1383 754 1446 animo
768 1384 841 1463 sibi,
852 1383 941 1467 quod
956 1396 1020 1447 tres
1034 1382 1114 1447 filias
1127 1383 1220 1468 inops
1234 1383 1288 1448 vix

337 1480 446 1558 aleret,
460 1506 517 1548 nec
531 1507 550 1548 a
564 1508 639 1570 rege
658 1484 877 1572 adjuvaretur,
892 1486 1095 1551 monentibus
1113 1485 1237 1565 amicis,
1253 1496 1290 1551 ut

224 1634 226 1637 .
337 1606 410 1648 eum
436 1601 578 1652 caveret:
614 1586 713 1665 Quid,
737 1584 843 1673 inquit
875 1588 1056 1675 Philippus,
1082 1588 1109 1652 si
1138 1586 1286 1651 haberem

336 1700 459 1771 partem
475 1689 613 1775 corporis
630 1713 760 1775 aegram,
775 1690 1047 1755 abscinderem-ne
1061 1690 1179 1776 potius,
1194 1712 1289 1775 quam

337 1794 504 1853 curarem?
534 1789 660 1854 Deinde
681 1790 879 1856 familiariter
899 1803 1020 1855 secreto
1039 1789 1179 1855 elicitum
1202 1791 1289 1877 Phy-

337 1892 427 1967 tiam,
442 1904 572 1976 accepta
586 1890 774 1956 difficultate
793 1890 1013 1956 necessitatum
1034 1890 1291 1973 domesticarum,

337 1990 471 2073 pecunia
487 1990 677 2056 sufficienter
691 1991 856 2070 instruxit,
872 2014 909 2055 ao
923 1990 1082 2055 meliorem
1098 1992 1287 2057 fideliorem·

335 2114 398 2177 que
411 2092 533 2173 babuit,
543 2117 640 2180 quam
649 2095 755 2163 fuerat
764 2107 936 2179 antequam
948 2094 1128 2160 crederetur
1139 2095 1288 2161 offensus.

335 2194 382 2257 Ut
398 2194 480 2258 enirn
497 2195 541 2260 ait
564 2193 697 2273 Lucius,
712 2194 893 2279 Principem
914 2216 1017 2259 senem
1038 2194 1182 2259 moribus
1203 2208 1287 2259 esset

334 2308 473 2380 oportet,
485 2310 516 2361 et
532 2297 588 2383 qui
600 2296 811 2361 moderatiora
826 2309 979 2382 sequatur
993 2296 1133 2375 consilia,
1142 2308 1175 2361 et
1186 2297 1287 2361 ricem

334 2420 442 2481 gerere
457 2398 663 2479 medicorum,
674 2400 732 2485 qui
748 2400 877 2463 morbos
891 2411 1015 2475 curant,
1029 2421 1113 2462 nunc
1127 2419 1169 2462 ex
1184 2400 1287 2464 inani-

335 2500 420 2565 tione
431 2500 463 2564 in
479 2502 626 2587 oppletis,
635 2524 719 2567 nunc
731 2501 901 2565 refectione
911 2499 942 2562 in
954 2500 1079 2572 vacuis;
1101 2512 1133 2564 et
1145 2500 1284 2565 dolorem

333 2601 443 2666 sedant
459 2624 544 2665 nunc
559 2602 710 2678 cauterio,
725 2623 810 2666 nunc
825 2600 985 2665 fomentis.
1024 2601 1184 2664 Praeterea
1199 2599 1239 2664 sit
1254 2600 1288 2666 in

334 2707 430 2767 verbo
445 2703 591 2781 affabilis,
603 2703 769 2768 munificus
784 2703 816 2766 in
832 2700 1004 2778 beneficiis,
1017 2712 1049 2766 et
1063 2700 1196 2785 integrae
1211 2724 1287 2769 auc·

332 2803 480 2883 totitatis,
495 2808 644 2870 serverin
661 2806 803 2871 moribus
818 2804 1016 2889 dignitatem.
1050 2804 1181 2866 Famam
1197 2825 1284 2868 nam·
1345 2883 1348 2887 p

334 2927 398 2989 que
429 2904 633 2991 benignitatis
661 2906 807 2971 conciliat
840 2928 943 2969 sermo
971 2905 1084 2984 bonus,
1113 2918 1145 2969 et
1176 2905 1286 2991 lingua

332 3006 480 3091 gratiosa.
525 3012 673 3073 Amorem
692 3008 909 3073 fidelissimum
931 3020 963 3071 et
985 3006 1284 3087 constantissimum,

332 3106 428 3169 etiam
455 3130 473 3169 a
499 3106 681 3172 durioribus
710 3122 904 3193 extorquent
934 3108 1099 3183 beneficia,
1124 3120 1155 3170 et
1187 3130 1283 3192 quem

331 3208 443 3284 secere,
453 3208 563 3274 fovent
576 3223 608 3275 et
620 3211 766 3276 solidant.
794 3212 838 3275 Et
850 3232 975 3274 urorum
987 3209 1136 3293 dignitati
1148 3209 1284 3275 debetur

330 3310 506 3374 reverentia
530 3311 742 3376 subditorum.
786 3311 927 3397 Egregie
950 3310 1081 3396 quidem
1109 3311 1281 3395 Trajanus,

329 3411 496 3497 gentilium
534 3413 676 3499 optimus
705 3420 938 3496 Augustorum,
967 3412 1174 3497 arguentibus
1207 3436 1281 3480 eum

329 3512 450 3589 amicis,
473 3512 561 3599 quod
585 3513 616 3576 in
643 3536 752 3577 omues
773 3513 919 3589 nimium,
942 3525 974 3577 et
998 3512 1201 3598 ultraquam
1223 3516 1282 3579 im-

329 3627 506 3699 peratorem
538 3614 663 3694 deceat,
688 3614 865 3678 communis
895 3626 986 3693 esset,
1016 3613 1199 3699 respondit:
1241 3618 1281 3681 Se

329 3718 424 3779 talem
447 3714 528 3777 velle
549 3714 772 3800 imperatorem
796 3737 864 3780 esse
885 3714 1032 3799 privatis,
1047 3716 1158 3801 quales
1181 3717 1281 3802 impe-

330 3828 450 3880 ratores
472 3816 532 3880 sibi
555 3838 632 3894 esse,
648 3816 794 3902 privatus
815 3828 966 3902 optasset.
1014 3816 1108 3882 Unde
1123 3831 1154 3881 et
1177 3818 1281 3883 relatu

330 3916 425 3981 Plinii
453 3917 589 3983 Secundi
619 3917 813 3996 admonitus,
840 3918 897 4004 qui
929 3931 1006 3981 tunc
1037 3918 1120 3982 inter
1150 3932 1281 3985 caeteros

324 4018 449 4101 judices
464 4033 678 4106 persequutor
701 4017 856 4083 Ecclesiae
878 4019 1056 4084 destinatus
1070 4034 1184 4095 erat‚a
1206 4046 1281 4087 nece

329 4134 505 4205 martyrum
528 4120 785 4207 persequutionis
802 4120 945 4205 gladium
963 4143 1123 4199 revocans,
1138 4122 1278 4187 edictum

329 4233 391 4283 tem
396 4222 527 4305 pererit.
564 4223 609 4285 Et
620 4221 703 4286 forte
715 4244 788 4285 cum
800 4221 949 4285 fidelibus
961 4222 1075 4305 egisset
1088 4222 1207 4299 mitius,
1219 4224 1278 4288 nisi

327 4319 523 4387 decessorum
537 4345 666 4387 suornm
682 4324 807 4410 legibus
818 4338 850 4388 et
863 4322 1027 4407 exemplis,
1038 4334 1069 4386 et
1081 4323 1278 4407 prudentum
