3384 5234
376 658 437 725 338
662 676 797 719 Jorunrs
814 675 1091 719 srussuanrarrsrs
1203 657 1288 739 [arn.
1308 679 1339 734 v,

377 827 524 892 Profecto
540 827 566 892 si
582 829 613 891 ei
628 828 768 911 perfecte
784 826 966 892 crederetur
981 829 1037 910 qui
1052 828 1106 904 ait,
1117 826 1239 890 divitiae
1255 841 1338 893 sunt

376 931 488 1013 spinae,
518 930 647 992 minime
680 940 768 992 tanto
804 927 911 991 studio
940 950 960 990 a
989 929 1191 1011 sapientibus
1227 931 1337 993 nostri
1398 992 1403 1000 ,

373 1032 524 1113 temporis
560 1038 784 1114 quaererentur.
841 1030 888 1091 Ut
925 1050 999 1111 ergo
1037 1029 1171 1093 Publius
1202 1029 1336 1112 Carpus

375 1129 431 1207 ait,
456 1130 568 1193 divites
593 1129 787 1213 pauperibus
813 1129 993 1192 miseriores
1019 1129 1103 1207 sunt,
1129 1150 1167 1191 eo
1196 1129 1286 1212 quod
1314 1152 1337 1193 a

377 1232 533 1314 sapientia
573 1230 702 1309 lougius
738 1232 868 1293 abeunt.
930 1230 1106 1314 Appetitus
1147 1229 1333 1293 divitiarum

375 1332 539 1416 sapientiae
562 1328 707 1395 exclusio
730 1342 787 1409 est,
809 1340 842 1394 et
864 1331 939 1412 suga
968 1334 1138 1408 virtutum;
1175 1332 1334 1396 foecuuda

375 1433 511 1496 virorum
537 1444 717 1515 paupertas,
739 1443 884 1493 naturam
913 1433 1068 1513 optimam
1089 1433 1172 1494 bene
1199 1432 1332 1496 vivendi

375 1534 490 1597 ducem
518 1533 669 1607 imitatur,
691 1542 723 1594 et
749 1532 899 1594 virtutum
923 1553 1051 1616 parens,
1077 1542 1109 1594 et
1132 1543 1240 1595 custos
1268 1545 1332 1610 est,

374 1637 505 1718 solaque
529 1635 727 1698 securitatem
749 1633 842 1716 parit,
863 1654 935 1716 quae
954 1635 1023 1697 sola
1042 1632 1147 1696 nescit
1165 1632 1332 1699 incentiva

372 1736 539 1799 bellorum.
585 1738 660 1799 Non
675 1735 772 1798 habet
789 1732 895 1817 jurgia
910 1731 964 1818 qui
979 1734 1193 1798 contentionis
1209 1755 1329 1798 causas

371 1837 503 1917 ignorat.
549 1835 704 1919 Trepidat
724 1836 821 1912 orbis,
836 1845 869 1898 et
891 1836 1070 1900 Caesaream
1093 1856 1221 1897 manum
1238 1837 1330 1899 solus

370 1958 493 2019 pauper
506 1958 572 1999 non
589 1938 687 2000 timet.
739 1936 862 2019 Utique
885 1937 912 1999 si
928 1937 970 1998 ob
991 1936 1085 1998 aliam
1106 1954 1236 1998 causam
1256 1956 1327 1998 nou

370 2036 563 2115 fugerentur,
578 2049 632 2100 aut
654 2048 932 2101 contemnerentur
953 2037 1085 2114 divitiae,
1100 2037 1162 2098 nisi
1178 2036 1254 2119 quia
1273 2059 1322 2100 sa·

370 2136 499 2219 pientiae
516 2138 581 2199 vias
597 2139 726 2219 sepiunt
741 2138 854 2219 spiniS,
869 2160 923 2200 eas
939 2148 1120 2220 oportuerat
1134 2160 1198 2201 uon
1213 2140 1326 2201 amari.

370 2237 421 2297 Ne
448 2245 554 2297 tamen
584 2237 635 2297 lris
666 2237 723 2317 qui
751 2237 950 2319 paupertatis
979 2241 1174 2303 erubescunt
1202 2239 1328 2305 vilitate

371 2337 562 2416 sordescere,
584 2337 851 2422 philosophorum
874 2339 915 2402 sit
937 2340 1074 2403 molesta
1096 2341 1218 2424 opinio,
1240 2339 1327 2404 divi-

369 2439 482 2503 tiarum
507 2462 573 2503 nou
599 2439 714 2503 indicit
737 2440 843 2521 lugam
867 2441 1085 2524 philosophia,
1107 2442 1165 2505 sed
1190 2443 1322 2508 inhibet

369 2541 554 2624 appetitum.
601 2544 743 2605 Mentem
766 2542 817 2605 sui
839 2554 1021 2626 compotem
1048 2544 1170 2626 quaerit,
1193 2552 1226 2606 ct
1248 2565 1323 2626 quae

368 2645 401 2706 in
426 2644 512 2707 omni
535 2644 668 2708 fortunae
692 2646 816 2707 calculo
840 2646 978 2708 sufficiat
1000 2645 1072 2722 sibi,
1090 2646 1136 2709 ita
1156 2654 1263 2707 tamen
1287 2658 1324 2709 ut

370 2744 561 2807 sufficientia
581 2744 650 2827 ejus
672 2765 714 2806 ex
735 2736 807 2806 Deo
826 2745 876 2807 sit.
921 2744 976 2808 Sic
997 2764 1075 2808 auro
1096 2754 1250 2828 tanquam
1264 2743 1322 2810 fic-

369 2846 494 2921 tilibus;
520 2845 672 2907 fictilibus
687 2846 779 2927 quasi
794 2866 871 2908 auro
886 2854 1001 2909 utatur.
1039 2847 1124 2908 Nam
1140 2846 1226 2909 sicut
1240 2869 1322 2930 opes

368 2945 577 3008 admittuntur
603 2944 644 3007 ad
665 2965 771 3022 usum,
792 2944 839 3008 sic
862 2966 881 3007 a
903 2945 1047 3028 sapiente
1070 2958 1322 3012 contemnuntur

368 3048 480 3109 abusu.
526 3046 591 3109 Sed
614 3047 692 3108 sorte
716 3047 887 3128 suppellex
910 3043 980 3108 vilis
1003 3045 1163 3111 videbitur
1184 3047 1323 3129 ignomi-

366 3148 458 3211 niosa
479 3147 690 3229 magnatibus,
713 3157 746 3208 et
766 3146 897 3208 honoris
919 3146 1125 3228 splendorum
1145 3169 1195 3210 res
1214 3151 1322 3213 tenuis

366 3245 537 3309 decolorat.
597 3246 696 3329 Atqui
726 3248 821 3325 longe
856 3247 1058 3328 praestantius
1088 3259 1148 3321 est,
1175 3248 1321 3313 moribus

367 3348 548 3431 splendere,
572 3368 667 3431 quam
694 3348 800 3423 rebus,
823 3368 884 3410 nec
910 3368 1014 3411 rerum
1040 3369 1180 3433 unquam
1208 3352 1319 3431 specie

365 3450 584 3527 illustrabitur,
610 3469 705 3530 quem
735 3467 800 3509 suae
830 3447 1037 3531 turpitudinis
1062 3451 1189 3512 macula
1217 3448 1319 3513 deho-

367 3564 481 3616 nestat.

472 3667 609 3720 Fictilibus
621 3683 737 3719 coenasse
749 3665 834 3718 ferunt
847 3666 1012 3733 Agathoclea
1023 3684 1121 3734 regern,

541 3750 629 3816 Atque
642 3752 750 3801 abacum
763 3750 852 3803 Samio
864 3768 933 3821 saepe
945 3768 1066 3803 onerasse
1077 3751 1141 3803 luto.

471 3831 581 3884 Fercula
592 3836 730 3899 gemmatis
742 3852 820 3901 quum
832 3839 939 3905 poneret
950 3851 1028 3886 aurea
1039 3834 1117 3897 vasis,

538 3917 575 3968 Et
586 3918 706 3970 misceret
718 3936 789 3990 opes,
801 3919 999 3990 pauperiemque
1011 3916 1096 3982 simul,

470 4003 605 4065 Quaerenti
617 4020 721 4055 causam
733 4005 879 4076 respondit:
908 4003 970 4054 Rex
982 4019 1032 4069 ego
1043 4004 1087 4071 qui
1098 4018 1155 4054 sum

539 4088 645 4153 Siciliae,
657 4088 738 4156 figulo
749 4107 806 4143 eum
819 4089 937 4157 genitore
949 4094 1030 4141 satus.

469 4177 609 4229 Fortunam
622 4183 768 4228 reverenter
780 4176 858 4240 habe,
871 4176 1015 4246 quicunque
1027 4181 1132 4247 repente

536 4263 619 4315 Dives
631 4261 663 4312 ab
677 4262 740 4315 exili
752 4262 918 4332 progrediere
931 4263 1015 4315 domo.
