3384 5234
423 670 483 729 162
663 684 802 729 soanurs
826 683 1102 731 sanosuearnnsrs
1223 668 1305 747 [nro.
1322 688 1374 734 ιιι.

420 841 506 899 ratur
528 833 561 897 in
577 834 730 900 universis
751 845 785 900 et
806 833 948 920 singulis.
996 834 1050 899 Sic
1072 846 1105 899 et
1128 835 1218 901 Deus
1232 838 1374 904 animam

418 937 558 1021 perfecte
583 936 755 1020 virentem,
784 948 884 1002 totam
914 948 1059 1024 occupat,
1090 948 1192 1004 totam
1221 941 1372 1026 possidet,

418 1050 531 1123 regnat
545 1051 578 1104 et
599 1040 685 1125 viget
706 1040 740 1103 in
762 1051 837 1105 tota.
884 1039 1003 1107 Nullus
1018 1040 1049 1104 ei
1064 1042 1200 1125 angulus
1222 1053 1375 1130 exceptus

418 1155 475 1209 est.
521 1144 587 1211 Sed
606 1143 685 1231 quid
706 1144 739 1208 iu
762 1143 870 1208 anima
892 1144 1046 1229 angulum
1065 1144 1115 1209 vel
1132 1156 1256 1231 partem
1279 1147 1376 1212 dico?

421 1244 564 1310 Partium
587 1268 699 1333 expers
729 1257 788 1326 est,
811 1245 1026 1334 simplicisque
1056 1256 1191 1326 naturae,
1216 1259 1249 1312 et
1277 1250 1375 1314 totius

418 1346 612 1434 duplicitatis
634 1347 754 1434 ignara.
800 1349 911 1414 Partes
926 1360 1034 1414 tamen
1054 1372 1133 1436 quas
1148 1351 1263 1436 potuit,
1279 1352 1339 1417 sibi
1354 1375 1374 1418 a

418 1448 622 1516 distributore
637 1452 794 1517 bonorum
809 1451 1000 1516 vendicavit.
1028 1451 1142 1527 Quas?
1163 1452 1278 1541 inquis.
1302 1454 1374 1518 Vir-

419 1562 504 1619 tutes
526 1554 648 1642 utique,
671 1554 787 1642 quibus
809 1554 896 1639 viget
911 1566 944 1619 et
965 1567 1125 1641 operatur,
1140 1565 1174 1620 et
1187 1556 1235 1620 sui
1251 1558 1375 1643 experi-

349 1663 353 1667 ’
419 1669 564 1722 mentum
584 1658 670 1725 facit.
702 1658 736 1723 Si
752 1680 814 1723 uon
830 1680 907 1742 ergo
922 1657 1158 1744 multiplicitate
1175 1659 1324 1745 partium,
1340 1671 1373 1725 et

419 1759 605 1845 quantitatis
619 1762 758 1847 quadam
775 1760 967 1826 distensione
983 1760 1107 1839 crescit,
1124 1762 1247 1827 ratione
1261 1774 1370 1828 tamen

420 1872 453 1926 et
473 1862 649 1939 intellectu,
666 1863 810 1949 appetitu
830 1863 918 1945 boni,
932 1864 1096 1928 aversione
1112 1865 1199 1944 mali,
1222 1878 1372 1932 manente

418 1963 629 2050 simplicitatis
659 1976 772 2029 natura
800 1964 962 2029 dilatatur.
1017 1966 1128 2039 Quum
1161 1990 1236 2031 vero
1268 1979 1373 2053 partes

417 2063 492 2127 istas
514 2064 641 2148 spiritus
661 2064 774 2150 implet
799 2063 905 2148 (Deus
927 2064 1012 2127 enim
1036 2065 1164 2150 spiritus
1185 2072 1249 2150 est)
1273 2069 1374 2133 solida

417 2175 451 2230 et
469 2166 612 2250 perlecta
630 2175 679 2230 est
693 2165 758 2229 vita
780 2165 907 2229 anime.
954 2165 1065 2240 Quum
1081 2166 1167 2230 enim
1191 2167 1373 2235 intellectus

418 2268 537 2344 Deum,
562 2266 617 2355 qui
643 2289 767 2332 summe
797 2267 901 2332 bouus
930 2277 988 2345 est,
1019 2266 1103 2333 visus
1132 2266 1181 2333 sui
1210 2270 1369 2350 acumine,

416 2382 574 2456 quantum
595 2370 680 2436 valet
702 2381 735 2436 et
755 2370 832 2435 licet
854 2370 1077 2456 apprehendit,
1092 2382 1126 2436 et
1144 2371 1266 2437 bouum
1285 2375 1372 2461 quod

416 2471 470 2538 ille
500 2473 598 2556 videt,
620 2475 802 2561 incorrupte
832 2474 978 2539 voluutas
1007 2474 1140 2561 appetit,
1169 2487 1203 2540 et
1224 2478 1305 2541 ratio
1327 2501 1368 2542 ne

415 2575 556 2641 declinet
577 2576 618 2642 ad
636 2577 799 2642 dexteram
820 2575 870 2641 rel
892 2574 1062 2658 sinistram,
1077 2575 1133 2663 qui
1155 2598 1232 2641 sano
1254 2578 1370 2643 all'eetu

414 2678 460 2745 ad
471 2680 592 2745 bonum
602 2680 747 2755 trahitur,
766 2680 848 2744 viem
861 2678 973 2765 aperit,
985 2679 1054 2764 jam
1067 2679 1228 2767 quendem
1239 2678 1372 2744 immor-

415 2783 547 2849 talitatis
561 2792 731 2871 assequuta
745 2795 794 2848 est
807 2781 953 2868 gloriam.
998 2781 1095 2857 Quod
1115 2781 1196 2846 forte
1214 2781 1284 2867 jam
1300 2805 1372 2847 seu·

415 2886 526 2968 tiebat,
539 2886 595 2974 qui
609 2887 643 2951 iu
659 2887 813 2952 suavitate
830 2883 1034 2949 conscientias
1049 2907 1116 2950 suae
1132 2885 1279 2950 dicebat:
1306 2888 1371 2951 Cor

417 3012 537 3074 meum,
559 3000 593 3054 et
614 3011 687 3054 caro
709 3010 781 3053 mea
810 2986 1034 3052 exultaverunt
1055 2987 1089 3051 in
1112 2989 1221 3053 Deum
1252 2988 1370 3054 vivum.

421 3092 544 3180 Utique
559 3092 615 3180 qui
629 3092 690 3158 hac
705 3092 756 3158 vie
769 3091 891 3157 incedit
906 3113 970 3155 non
986 3101 1093 3176 sperat
1107 3103 1163 3157 aut
1182 3091 1370 3169 extimescit,

415 3218 479 3260 nou
503 3196 706 3261 contristatur
730 3206 786 3260 aut
812 3193 961 3260 condolet
983 3192 1078 3258 alicui
1101 3216 1224 3272 eorum,
1252 3217 1325 3282 quae
1351 3217 1370 3258 e

416 3320 542 3363 summo
562 3309 595 3364 et
614 3322 689 3363 vero
710 3298 795 3362 bouo
817 3296 997 3362 recedendo
1013 3296 1178 3361 deficiunt.
1223 3297 1268 3363 Et
1289 3298 1370 3362 forte

415 3399 527 3464 fideles
556 3398 678 3463 animas
706 3398 820 3463 invitat
857 3420 961 3463 sermo
990 3398 1206 3484 propheticus,
1243 3398 1369 3463 diceus:

418 3498 650 3564 Convertimini
671 3498 712 3563 ad
728 3521 779 3563 me
801 3498 834 3562 in
858 3499 1035 3563 totocorde
1058 3510 1173 3577 vestro,
1198 3511 1233 3565 ut
1248 3499 1369 3567 scilieet

416 3600 548 3683 angelus
569 3600 678 3685 gaudii
708 3610 763 3665 aut
785 3601 940 3680 moeroris,
971 3601 1093 3666 timoris
1118 3613 1174 3667 aut
1197 3602 1276 3688 spei,
1305 3625 1370 3667 non

414 3711 575 3765 avertatur
589 3700 700 3765 alacie
715 3724 797 3779 mea,
811 3713 843 3766 et
858 3724 941 3766 meae
952 3724 1016 3766 non
1025 3702 1192 3789 displiceat
1203 3702 1369 3768 voluntati.

416 3803 537 3891 Implet
555 3815 664 3869 autern
684 3804 754 3869 haec
768 3805 833 3870 vita
851 3828 980 3870 omnem
1003 3815 1193 3883 creaturam,
1209 3804 1284 3892 quie
1299 3804 1367 3870 sine

413 3929 453 3971 ea
468 3906 556 3971 nulla
571 3918 619 3971 est
633 3906 810 3971 substantia
832 3918 997 3974 creaturae.
1043 3909 1150 3974 Omne
1173 3906 1261 3972 euirn
1282 3908 1369 3994 quod

415 4022 474 4089 est,
494 4010 563 4096 ejus
584 4009 825 4096 participatione
845 4023 894 4075 est
915 4011 949 4075 id
970 4011 1057 4098 quod
1075 4021 1134 4076 est.
1181 4010 1245 4075 Sed
1268 4032 1368 4096 quum

413 4114 502 4179 sitin
522 4112 670 4178 omnibus
685 4136 742 4198 per
764 4124 923 4195 naturam,
949 4114 1015 4179 sola
1031 4112 1197 4178 rationalia
1211 4111 1370 4177 inhabitat

414 4240 471 4304 per
499 4218 644 4303 gratiam.
706 4218 789 4281 Sunt
818 4239 906 4302 ergo,
931 4216 1008 4305 quia
1030 4217 1064 4281 in
1094 4216 1140 4281 eis
1163 4216 1280 4281 veritas
1309 4228 1366 4281 est.

417 4320 628 4399 lllustrantur,
655 4319 731 4407 quie
756 4317 789 4383 iu
814 4319 860 4384 eis
882 4320 1037 4406 sapientia
1066 4331 1124 4388 est.
1173 4319 1302 4385 Bonum
1319 4323 1367 4386 di·
