3384 5234
461 683 524 741 290
720 692 857 738 JOARNIS
873 692 1157 739 sanuseratnusts
1288 673 1375 753 [tre.
1390 691 1423 735 r.

462 866 525 907 non
542 844 680 909 multum
695 866 783 921 curo,
798 843 974 908 dummodo
988 854 1112 908 constet
1128 841 1283 908 Consules
1297 842 1423 909 Roma·

463 968 576 1010 norum
592 969 632 1012 eo
646 948 808 1031 subegisse
827 946 996 1033 Pyrrhum,
1008 946 1093 1032 quod
1109 944 1276 1032 perfidiam
1291 945 1424 1011 fueraut

461 1050 630 1135 aspernati.
677 1049 854 1135 Epistolam
880 1071 956 1113 vero
978 1048 1154 1114 Consulum
1180 1046 1223 1111 ad
1247 1047 1420 1133 Pyrrhum,

463 1152 546 1217 hanc
569 1152 665 1219 luisse
693 1152 924 1238 Quadrigarius
949 1149 1256 1219 refert-Consules
1279 1150 1423 1215 Romani

462 1256 598 1321 salutern
620 1256 733 1321 dicunt
756 1256 881 1343 Pyrrho
907 1254 984 1340 regi.
1032 1254 1098 1318 Nos
1122 1275 1181 1340 pro
1203 1253 1268 1318 tuis
1291 1253 1420 1338 injuriis

462 1356 614 1423 continuo
639 1359 747 1424 animo
772 1358 936 1440 commoti,
961 1356 1133 1421 inimiciter
1157 1371 1264 1421 tecum
1293 1355 1418 1421 bellare

460 1459 636 1539 studemus,
659 1461 715 1526 sed
737 1483 810 1525 cum
834 1459 952 1525 muniis
977 1457 1116 1544 exempli
1138 1469 1173 1522 et
1193 1455 1279 1522 fidei.
1327 1456 1418 1542 Ergo

461 1560 563 1626 risum
577 1574 627 1627 est
647 1576 683 1626 ut
700 1574 732 1626 ts
750 1563 872 1627 salvum
893 1560 1038 1636 velimus,
1054 1580 1119 1645 quo
1136 1559 1187 1640 sit,
1200 1580 1297 1645 quem
1317 1560 1417 1625 armis

459 1664 614 1750 possimus
643 1666 780 1731 vincere.
825 1664 879 1728 Ad
908 1686 965 1728 nos
994 1662 1083 1727 venit
1113 1661 1221 1726 Nicias
1249 1660 1418 1727 familiaris

458 1780 542 1844 tuus,
566 1768 622 1855 qui
645 1767 706 1833 sibi
729 1791 749 1832 a
771 1767 863 1832 nobis
885 1766 1053 1852 praemium
1075 1776 1210 1851 peteret,
1226 1764 1253 1828 si
1274 1774 1308 1829 ta
1330 1764 1415 1829 clam

459 1869 676 1937 interfecisset.
724 1871 762 1935 ld
785 1892 843 1935 nos
859 1870 1045 1955 negavimus
1067 1867 1255 1949 relle,neve
1276 1867 1414 1932 obeam

459 1993 526 2035 rem
548 1974 720 2059 quicquam
743 1972 902 2037 commodi
925 1982 1117 2058 expectaret,
1140 1968 1413 2036 denunciavimus

458 2071 562 2138 Simul
578 2075 675 2138 etiam
691 2074 792 2138 visum
809 2087 868 2151 est,
885 2086 920 2139 ut
935 2088 967 2138 te
982 2073 1150 2139 certiorem
1166 2072 1354 2151 laceremus,
1370 2096 1414 2139 ne

457 2172 534 2257 quid
558 2173 749 2259 hujusmodi,
768 2176 795 2239 si
817 2175 994 2253 accidisset,
1010 2186 1117 2239 nostro
1138 2174 1270 2240 consilio
1289 2174 1413 2242 facturn

454 2286 604 2359 putarent
620 2277 774 2355 civitates,
790 2276 917 2341 sciturae
933 2279 1019 2364 quod
1034 2277 1126 2342 nobis
1140 2299 1203 2342 non
1218 2277 1323 2364 placet
1338 2300 1414 2364 pro·

456 2376 568 2456 missis,
584 2392 640 2445 aut
654 2381 767 2466 pretio,
783 2392 838 2446 aut
857 2380 938 2446 dolis
957 2403 1111 2467 pugnare.
1149 2379 1213 2460 Tu,
1228 2380 1289 2445 nisi
1305 2403 1412 2464 caves,

450 2480 584 2566 jacebis.
610 2485 699 2561 Quid
708 2486 1054 2572 teletam,quodqunm
1066 2484 1095 2548 ei
1103 2484 1193 2568 regni
1202 2482 1412 2550 medietatam

457 2583 597 2671 Pyrrhus
611 2589 788 2671 obtulisset,
803 2599 838 2653 ut
853 2608 965 2674 pacem
989 2586 1223 2652 conditionibus
1237 2586 1338 2673 oequis
1352 2589 1413 2653 ad·

453 2688 608 2769 mitteret,
620 2673 825 2777 contemptus
840 2701 898 2756 est.
943 2691 1008 2755 Sed
1023 2711 1084 2753 nec
1099 2688 1189 2772 regni
1202 2688 1410 2756 medietatem

454 2791 615 2877 acquievit
644 2792 799 2879 accipere,
828 2803 866 2856 ut
894 2790 1066 2856 amicitiam
1100 2789 1301 2874 promitteret
1330 2792 1410 2877 regi.

458 2892 569 2967 Quum
584 2918 660 2961 vero
676 2896 802 2983 Cyneas
817 2895 866 2959 vir
887 2893 1175 2980 praestantissimus,
1189 2893 1245 2979 qui
1270 2892 1410 2959 Romam

454 2998 567 3062 missus
593 3000 696 3064 fuerat
726 3020 869 3063 reversus
894 2997 1141 3080 interrogaretur
1165 2994 1268 3082 qualis
1300 2995 1409 3061 Roma

452 3112 545 3183 esset,
568 3102 730 3188 respondit
752 3124 785 3165 se
812 3123 924 3186 regum
948 3098 1062 3163 vidisse
1084 3096 1230 3183 patriam,
1253 3119 1293 3162 eo
1317 3100 1407 3186 qnod

451 3203 518 3267 lere
533 3226 644 3270 omnes
659 3205 738 3269 tales
752 3216 858 3269 essent
868 3202 944 3278 illic,
957 3199 1059 3289 qualis
1070 3212 1154 3266 esset
1164 3202 1248 3266 solus
1265 3201 1406 3288 Pyrrhus

451 3305 484 3370 in
502 3306 611 3394 Epiro,
626 3308 675 3372 vel
693 3308 815 3395 reliqua
831 3306 969 3372 Groecia.
1002 3303 1123 3368 Audita
1136 3326 1213 3388 ergo
1230 3305 1409 3371 constantia

450 3411 601 3489 Fabricii,
612 3411 718 3498 inquit
732 3435 805 3477 rex:
831 3410 896 3477 Hic
911 3419 959 3474 est
968 3405 1079 3494 utique
1093 3406 1148 3472 ille
1160 3407 1335 3487 Fabricius,
1347 3408 1405 3494 qui

448 3512 608 3579 difficilius
633 3537 652 3578 a
678 3514 804 3590 virtute,
831 3534 930 3600 quam
962 3508 1017 3574 Sol
1046 3530 1066 3573 a
1095 3531 1189 3574 cursu
1218 3532 1275 3574 suo
1303 3511 1405 3576 averti

447 3625 561 3695 potest.
608 3616 786 3701 Imperator
807 3618 916 3681 Caesar
939 3616 1105 3698 Augustus
1128 3612 1349 3694 Germanicus,
1363 3634 1407 3679 eo

447 3712 533 3777 bello
547 3738 611 3801 quo
625 3718 712 3781 victis
727 3718 871 3782 hostibus
885 3714 1070 3781 Germanici
1082 3736 1259 3799 cognomen
1271 3713 1404 3798 meruit,

447 3838 547 3903 quum
563 3817 595 3879 in
613 3816 728 3881 finibus
751 3818 913 3903 copiarum
937 3817 1067 3883 castella
1081 3827 1224 3903 poneret,
1239 3838 1296 3901 pro
1317 3815 1405 3883 fruc-

444 3919 529 3984 tibus
550 3918 702 3996 locorum,
726 3942 800 4007 quae
821 3918 906 3983 vallo
931 3920 1237 4005 comprehendebat,
1258 3920 1398 4007 pretium

452 4022 529 4087 solvi
548 4021 652 4108 jussit,
673 4033 769 4111 atque
792 4022 838 4087 ita
862 4022 998 4108 justitiae
1019 4024 1105 4088 sama
1131 4024 1275 4088 omnium
1298 4022 1398 4089 fidem

442 4125 597 4191 astrinxit.
657 4125 745 4203 Quid
775 4128 815 4192 de
845 4126 1042 4192 continentia
1073 4126 1190 4203 dicam,
1220 4145 1396 4213 rerumque

441 4241 639 4317 contemptu,
664 4230 923 4319 quandoquidem
948 4226 1111 4295 Plutarchi
1138 4227 1395 4312 strategematica

384 4322 388 4332 ’
438 4332 591 4399 nonnulla
621 4333 773 4419 promisi?
814 4331 864 4399 M.
893 4332 1048 4397 Catonern
1075 4326 1189 4394 codem
1216 4328 1301 4408 vino,
1327 4350 1394 4417 quo
