3384 5234
368 691 439 738 cle.
454 676 550 755 xv11.]
741 690 996 737 rotrcnsrrcos.
1257 678 1321 737 338

370 844 482 908 bitavit
497 856 602 909 autem
618 845 651 908 iu
668 855 828 930 portarum
843 843 1019 920 restibuliS,
1034 852 1067 907 et
1086 843 1120 907 iu
1144 844 1320 928 porticibus

370 946 545 1019 civitatum,
576 967 807 1031 usquequaque
837 944 992 1028 profitens
1018 966 1136 1022 verum,
1161 956 1195 1008 et
1219 957 1321 1010 trans·

370 1049 512 1111 euntium
526 1050 660 1129 abigens
670 1058 724 1111 aut
733 1058 847 1111 notans
859 1048 943 1124 vitia,
953 1068 1024 1130 quae
1034 1068 1138 1110 mores
1147 1047 1320 1112 foedabant.

371 1151 542 1233 Quumque
557 1172 591 1213 se
607 1159 767 1233 torqueret
781 1150 814 1211 in
831 1148 928 1225 dolio,
942 1169 977 1211 se
1000 1148 1131 1212 domum
1152 1150 1322 1215 volubilem

367 1249 485 1315 habere
502 1250 684 1333 jocabatur,
695 1260 771 1313 etse
787 1270 861 1312 cum
877 1248 1076 1330 temporibus
1090 1249 1321 1312 immutantem.

369 1352 497 1433 Frigore
512 1352 596 1415 euim
621 1373 657 1416 os
682 1352 760 1415 dolii
785 1353 926 1415 vertebat
947 1349 981 1412 in
1008 1349 1185 1427 meridiem,
1212 1360 1321 1415 aestate

369 1451 411 1514 ed
426 1454 694 1534 septentrionem
720 1465 751 1516 et
771 1453 956 1535 ubicunque
981 1451 1036 1514 Sol
1052 1472 1087 1513 se
1102 1451 1321 1529 inclinaverat,

369 1553 525 1635 Diogenis
540 1555 634 1619 simul
649 1555 830 1638 praetorium
846 1554 1033 1615 vertebatur.
1081 1552 1227 1623 Quodam
1244 1574 1320 1616 vero

368 1662 522 1735 tempore,
538 1675 637 1737 quum
652 1655 685 1717 in
702 1675 792 1717 usum
809 1651 943 1737 potandi
959 1651 1092 1714 calicem
1108 1652 1248 1734 ligneum
1265 1675 1320 1735 ge·

368 1767 460 1833 reret,
483 1755 560 1818 vidit
585 1778 721 1841 puerum
747 1777 844 1819 manu
867 1775 1009 1818 concava
1035 1755 1157 1832 bibere,
1179 1765 1212 1818 et
1236 1758 1321 1821 elisit

369 1857 490 1918 eumin
512 1867 595 1921 terra
620 1858 752 1921 dicens:
797 1857 991 1920 Nesciebam
1016 1855 1103 1938 quod
1129 1867 1242 1921 natura
1267 1859 1323 1920 ha·
1352 1890 1354 1894 v

368 1958 457 2020 beret
472 1959 634 2040 poculum.
682 1956 772 2021 Nihil
794 1978 937 2040 unquam
963 1956 1003 2019 de
1027 1958 1125 2020 animi
1148 1958 1250 2039 rigore
1275 1981 1323 2023 re-

370 2060 467 2136 misit,
481 2059 515 2121 in
531 2059 645 2123 eodem
672 2060 779 2123 vultus
806 2070 916 2121 tenore
942 2058 1036 2122 etiam
1061 2058 1202 2122 adversis
1227 2060 1323 2123 inter-

368 2161 563 2243 pellantibus
584 2161 732 2244 perstitit,
754 2171 787 2224 et
807 2170 843 2224 ut
864 2161 959 2244 plene
980 2159 1179 2224 Socraticum
1202 2183 1325 2242 nosses,

370 2263 500 2327 calcatis
511 2264 692 2328 turbinibus
713 2262 927 2339 fortuitorum,
937 2262 1079 2326 adversis
1093 2284 1220 2327 omnem
1236 2265 1325 2329 dolo·

368 2386 433 2428 rem
449 2377 480 2428 et
495 2367 668 2443 miseriam,
684 2367 833 2429 uniformi
851 2366 977 2429 duravit
1003 2368 1179 2448 proposito.
1224 2368 1322 2435 Dice-

368 2467 425 2529 bat
450 2467 537 2530 enirn
560 2467 629 2531 haec
654 2488 781 2549 semper
802 2488 822 2529 a
843 2466 1042 2547 Philosopho
1068 2466 1182 2540 aliena,
1205 2479 1238 2532 et
1258 2470 1317 2533 im-

369 2577 477 2649 potem
493 2568 542 2630 sui
558 2568 711 2643 animum,
724 2567 758 2629 in
775 2588 870 2649 quem
892 2567 1025 2628 fortunae
1049 2567 1213 2650 quippiam
1234 2569 1318 2634 lieet.

368 2667 525 2731 Virtutem
541 2667 610 2750 ejus
625 2678 658 2731 et
672 2666 912 2746 continentiam,
927 2686 1012 2728 mors
1033 2685 1162 2749 quoque
1186 2668 1318 2736 indicat.

371 2769 455 2830 Nam
481 2789 577 2850 quum
600 2768 641 2831 ad
663 2788 799 2847 agonem
819 2766 1036 2850 Olympicum,
1058 2768 1112 2850 qui
1129 2789 1246 2851 magna
1259 2773 1320 2836 fre-

370 2870 501 2953 quentia
521 2869 556 2932 in
575 2870 704 2933 Graecia
724 2870 953 2946 celebrabatur,
963 2868 1030 2952 jam
1052 2889 1152 2932 senex
1174 2884 1319 2955 pergeret

368 2972 449 3035 febri
475 2971 508 3034 in
531 2972 644 3035 itinere
667 2972 897 3055 apprehensus,
920 2972 1075 3034 occubuit
1099 2972 1133 3034 in
1157 2973 1321 3056 crepidine

368 3076 437 3138 viae.
479 3076 670 3138 Volentibus
686 3085 791 3137 autem
806 3073 931 3149 amicis,
945 3084 1000 3135 aut
1014 3072 1047 3134 in
1057 3072 1250 3156 jumentum,
1265 3090 1321 3142 aut

367 3176 402 3239 in
418 3176 600 3239 vehiculum
615 3177 736 3252 tollere,
751 3196 818 3238 non
840 3174 1010 3257 acquievit,
1025 3173 1083 3237 sed
1108 3176 1265 3240 transiens
1279 3180 1321 3243 ad

368 3279 489 3341 arboris
504 3279 658 3353 umbram,
673 3277 734 3340 ait:
760 3277 857 3339 Abite
872 3297 992 3359 quaeso,
1008 3284 1040 3339 et
1055 3286 1233 3358 spectatum
1248 3301 1320 3363 per-

367 3381 443 3460 gite.
474 3382 556 3442 Haec
572 3401 640 3442 nox
655 3389 710 3442 aut
722 3399 772 3441 me
785 3380 939 3442 victorem
953 3378 1113 3460 probabit,
1124 3389 1179 3441 aut
1189 3380 1319 3445 victum.

368 3482 403 3545 Si
419 3484 539 3545 febrem
557 3482 672 3558 vicero,
688 3481 729 3543 ad
745 3502 882 3562 agonem
908 3480 1054 3551 veniam3
1071 3479 1098 3541 si
1123 3500 1175 3542 me
1201 3482 1321 3561 vicerit,

370 3582 412 3646 ad
427 3583 549 3645 inferna
563 3582 766 3646 descendam.
803 3583 920 3664 Ibique
934 3602 992 3663 per
1007 3590 1136 3643 noctem
1155 3580 1235 3644 eliso
1250 3597 1322 3665 gut·

367 3695 448 3761 ture,
462 3705 528 3746 uon
543 3694 610 3747 tam
633 3683 713 3745 mori
729 3703 763 3746 sc
788 3682 844 3757 ait,
870 3702 967 3765 quum
996 3680 1117 3742 febrem
1143 3694 1242 3746 morte
1263 3706 1320 3749 ex·

368 3784 506 3848 cludere.
551 3784 720 3865 Deceptus
736 3782 889 3865 opinione
906 3782 1040 3844 virorum
1057 3781 1184 3845 fortium
1209 3794 1241 3848 et
1263 3808 1321 3851 ex·

369 3888 487 3969 emplo,
501 3885 535 3947 in
561 3895 711 3948 extremae
738 3883 934 3947 difficultatis
959 3883 1105 3961 articulo,
1128 3904 1170 3946 ne
1193 3886 1324 3952 aliunde

367 3987 543 4065 inferretur,
570 3996 700 4049 mortem
727 3986 905 4048 ultroneam
931 3986 1066 4056 credidit
1095 3988 1320 4069 appetendam.

367 4085 582 4169 Praejudicata
605 4084 762 4169 siquidem
786 4086 898 4168 opinio
924 4084 1169 4169 sapientioribus
1190 4108 1320 4170 persua·

369 4198 452 4251 serat
473 4187 507 4249 in
538 4207 719 4263 commune,
744 4196 780 4249 ut
809 4198 941 4250 mortem
972 4207 1146 4270 provocare
1175 4190 1319 4268 mallent,

368 4309 463 4372 quam
485 4299 575 4371 turpe
600 4288 721 4371 aliquid
745 4289 909 4351 sustinere.
955 4289 1045 4351 Fecit
1070 4288 1131 4351 hoe
1158 4287 1252 4368 Cato,
1273 4292 1319 4354 fe·
