3384 5234
329 718 399 765 car.
417 702 456 781 1.]
676 718 931 766 eoaucaamcus

616 971 757 1035 LIBER
781 972 998 1043 QUINTUS.

718 1170 899 1217 PROLOGUS.

377 1296 456 1359 Nou
472 1296 572 1361 solent
587 1296 628 1360 ad
646 1318 785 1383 unguem
808 1294 943 1379 grandia
960 1295 1026 1360 sine
1039 1319 1128 1361 mora
1143 1300 1284 1376 lustrari,

332 1420 390 1461 nec
413 1398 505 1461 facile
530 1410 577 1464 est
603 1398 838 1485 provinciarum
866 1396 1096 1482 longitudinem
1120 1413 1152 1464 et
1174 1400 1286 1465 latitu-

333 1499 439 1564 dinem
469 1503 501 1564 in
532 1516 693 1566 momenta
722 1514 948 1566 transcurrere.
1010 1502 1062 1565 Sic
1091 1524 1140 1565 res
1170 1524 1285 1587 magna

332 1605 491 1668 succincte
506 1603 637 1689 quidem
652 1626 670 1667 a
686 1602 827 1688 sapiente
842 1602 1004 1666 interdum
1021 1604 1221 1690 proponitur,
1230 1605 1284 1669 sed

332 1727 497 1791 nunquam
520 1706 659 1792 perfecte
682 1706 740 1769 sub
763 1704 912 1788 angustia
935 1706 1088 1769 sermonis
1111 1705 1209 1769 nimia
1230 1730 1285 1771 ex·

334 1807 493 1894 planatur.
538 1807 626 1883 Quid
650 1820 756 1872 autem
781 1809 813 1870 in
836 1807 983 1871 humanis
1001 1808 1096 1873 rebus
1116 1810 1219 1894 majus
1238 1824 1286 1874 est

332 1910 526 1997 principatu,
551 1909 644 1996 cujus
670 1908 808 1974 officium
834 1909 1068 1994 quodammodo
1095 1911 1201 1977 omnia
1225 1912 1286 1976 cir·

332 2010 444 2090 cumit,
465 2009 588 2095 implet,
609 2022 640 2073 et
668 2020 826 2094 penetrat,
849 2021 881 2072 et
902 2012 996 2095 quasi
1022 2009 1136 2074 robore
1158 2011 1286 2079 virtutis

331 2135 409 2190 suae,
425 2111 524 2177 totius
544 2110 744 2197 Reipublicae
768 2112 883 2176 molem
905 2116 1039 2198 portat?
1076 2114 1160 2201 Ejus
1174 2115 1286 2202 itaque

329 2214 554 2300 contemplatio
580 2222 718 2279 tr'actum
744 2214 853 2295 habet,
874 2227 907 2278 et
931 2236 1051 2278 maram
1078 2216 1190 2301 exigit,
1215 2230 1285 2282 tum

330 2339 397 2402 prae
420 2316 641 2401 magnitudine
663 2319 723 2396 sui,
746 2327 815 2379 tum
839 2338 907 2401 prae
930 2328 1108 2397 venustate,
1130 2341 1229 2405 quam
1250 2317 1282 2381 in

220 2468 222 2471 >
329 2418 433 2504 capite
443 2416 644 2503 Reipublicae
650 2416 834 2501 jucundum
847 2428 893 2479 est
905 2417 1055 2480 omnibus
1065 2419 1285 2506 contemplari.

331 2519 483 2584 Modesta
505 2542 582 2603 ergo
602 2518 772 2594 brevitate,
792 2517 825 2579 in
845 2515 1041 2602 inspiciendo
1063 2537 1195 2603 corpore
1216 2520 1286 2603 ejus

329 2623 548 2696 immoremur,
571 2630 603 2681 et
630 2617 709 2701 quid
737 2639 832 2702 super
858 2616 919 2680 hoc
945 2617 1138 2682 Plutarchus
1162 2633 1286 2684 censeat

329 2719 489 2783 audiatur.
544 2716 639 2791 Nam,
673 2714 813 2779 deducta
849 2715 1074 2803 superstitione
1103 2716 1287 2802 gentilium,

331 2818 433 2883 fidelis
458 2831 506 2882 est
531 2817 565 2881 in
592 2815 765 2896 sententiis,
790 2818 822 2882 in
850 2818 955 2882 verbis
978 2818 1172 2897 luculentus,
1194 2832 1227 2883 et
1252 2819 1284 2883 in

331 2920 466 2987 sacrario
481 2941 606 2983 morum
622 2931 731 2983 tantus
752 2919 881 3000 arbiter,
896 2932 934 2983 ut
948 2918 1041 2983 facile
1056 2935 1285 3007 praeceptorem

330 3022 463 3109 Trajani
487 3020 588 3107 possis
608 3042 787 3105 agnoscere.
835 3021 964 3107 Siquid
986 3033 1094 3086 autem
1109 3022 1194 3108 apud
1210 3045 1284 3087 eum

330 3149 350 3189 a
371 3124 435 3188 fide
457 3122 614 3199 dissentit,
637 3139 694 3187 aut
717 3122 872 3205 moribus,
893 3123 1029 3210 tempori
1050 3123 1169 3210 potius,
1184 3147 1282 3211 quam

328 3226 397 3290 viro
412 3223 620 3288 adscribatur.
667 3222 700 3285 Si
716 3221 801 3287 enim
811 3222 949 3308 Virgilio
964 3222 1054 3287 licuit
1069 3245 1184 3289 aurum
1200 3224 1283 3311 sapi-

328 3331 422 3393 entiae
442 3326 475 3390 in
490 3324 560 3389 luto
575 3323 673 3387 Ennii
689 3346 844 3409 quaerere,
858 3347 932 3410 quae
948 3323 1067 3389 invidia
1081 3338 1128 3389 est
1143 3348 1191 3404 ea,
1207 3348 1282 3411 quae

326 3428 366 3492 ad
390 3424 604 3491 eruditionem
635 3439 775 3489 nostram
801 3448 821 3489 a
844 3423 1019 3507 gentilibus
1048 3426 1166 3512 scripta
1196 3441 1281 3503 sunt,

324 3527 440 3593 nostris
462 3525 718 3590 communicare?
757 3528 821 3591 His
846 3547 924 3611 ergo
945 3526 1067 3594 omissis
1094 3528 1135 3590 ad
1159 3526 1282 3617 reliqua

327 3628 543 3717 procedamus.

346 3926 425 4009 Cap.
445 3930 471 3986 l.
495 3924 644 4006 Epistola
660 3923 834 3987 Plutarchi
848 3925 1044 3987 instruentis
1063 3924 1258 4004 Trajaaum.

368 4086 493 4149 Exuar
513 4081 662 4169 Epistola
684 4081 861 4158 Plutarchi,
878 4084 1050 4169 Trajanum
1071 4084 1277 4161 instituentis,

325 4208 398 4270 quae
420 4183 587 4269 eujusdam
609 4182 753 4247 Politicae
776 4183 1012 4247 constitutionis
1035 4184 1186 4269 exprimit
1208 4210 1276 4250 sen-

325 4308 406 4351 sum.
451 4289 500 4349 Ea
515 4285 633 4349 dicitur
656 4306 722 4347 esse
737 4283 1170 4367 hujusmodi—Plutarchus
1194 4289 1274 4351 Tra-
