3384 5234
418 684 481 741 204
676 694 812 739 roruurs
828 694 1105 739 sransnnrunusrs
1217 675 1298 755 [rm.
1317 693 1367 739 111.

420 850 567 912 Heredes
581 869 709 932 quoque
724 847 869 909 defuncti
883 847 916 909 in
932 845 1070 909 solidum
1086 847 1165 908 etin
1180 855 1371 929 perpetuum

418 959 566 1012 tenentur
588 949 627 1011 de
651 971 699 1026 eo,
723 948 809 1032 quod
833 946 874 1010 ad
897 969 952 1010 eos
975 947 1153 1010 constiterit
1174 948 1367 1030 pervenisse.

419 1050 484 1113 Sed
500 1050 578 1133 quid
595 1049 757 1113 adulatore
778 1048 941 1112 dolosius?
980 1049 1024 1111 At
1038 1048 1116 1110 mihi
1130 1048 1210 1111 forte
1225 1048 1369 1132 objicies

420 1150 581 1233 quianon
606 1171 716 1213 omnes
742 1151 845 1211 novi·
872 1150 991 1211 Verum
1018 1148 1148 1231 quidem
1172 1160 1239 1225 est;
1270 1148 1326 1212 sed
1352 1172 1372 1214 a

419 1252 529 1314 multis
544 1250 622 1313 mihi
638 1250 786 1313 didicisse
798 1249 909 1311 videor
921 1250 1062 1311 omnium
1078 1271 1189 1313 mores.
1223 1251 1372 1315 Duellius

414 1352 482 1435 jam
500 1373 610 1424 senex,
621 1352 688 1435 jam
702 1351 885 1434 decrepitus
897 1370 1030 1431 corpore
1042 1350 1202 1433 cordeque
1213 1353 1371 1430 trementi,

420 1453 535 1517 dolens
545 1453 606 1515 sibi
619 1453 844 1535 exprobratum
861 1472 931 1513 ease
946 1451 978 1512 in
989 1451 1107 1535 jurgio,
1120 1451 1207 1535 quod
1223 1452 1286 1515 oris
1295 1453 1372 1516 vitio

419 1554 551 1618 foetidus
571 1564 665 1631 esset,
687 1575 721 1616 se
743 1554 874 1616 domum
896 1553 1042 1615 contulit.
1088 1553 1258 1637 Quumque
1278 1554 1373 1616 uxori

419 1657 546 1737 gravius
575 1663 768 1739 quereretur,
795 1652 882 1736 quod
909 1673 1074 1736 nunquam
1104 1676 1175 1717 eum
1207 1667 1370 1717 monuerat

417 1758 513 1841 hujus
529 1757 595 1818 vitii
610 1777 749 1840 quarere
764 1755 973 1817 medicinam:
998 1755 1171 1831 Fecissem,
1181 1756 1296 1839 inquit,
1308 1757 1371 1819 nisi

417 1870 577 1943 putassem
603 1879 657 1920 ora
682 1858 821 1919 virorum
847 1856 990 1918 omnium
1012 1857 1057 1919 sic
1085 1858 1178 1921 olere.
1224 1858 1370 1921 Laudare

419 1959 537 2041 poteris
553 1957 623 2041 ejus
643 1958 835 2019 matrimonii
857 1954 1059 2039 pudicitiam,
1074 1970 1106 2021 et
1126 1960 1272 2041 praeferre
1286 1960 1369 2041 pati·

419 2062 538 2123 entiam
553 2060 704 2134 mulieris,
721 2082 793 2143 quae
809 2059 867 2121 viri
883 2059 995 2122 vitium
1011 2071 1099 2123 tanta
1121 2062 1272 2144 patientia
1287 2059 1369 2136 tulit,
1406 2137 1409 2141 Ι

420 2170 455 2222 ut
468 2159 523 2220 ille
538 2158 757 2221 infelicitatem
779 2160 931 2242 corporis,
946 2180 1011 2222 uon
1032 2158 1141 2222 uxoris
1156 2160 1296 2237 fastidio,
1311 2161 1369 2222 sed

418 2257 590 2322 maledicto
606 2259 739 2322 senserit
754 2260 887 2324 inimici.
918 2262 961 2323 At
976 2270 1008 2326 et
1022 2280 1082 2341 ego
1098 2259 1138 2322 de
1154 2257 1370 2323 adulatoribus

418 2360 540 2443 aliquid
556 2360 618 2423 tale
633 2360 823 2444 respondeo,
840 2361 918 2444 qnia
936 2382 1046 2424 omnes
1062 2362 1195 2424 arbitror
1209 2360 1256 2424 sic
1272 2362 1367 2424 olere.

417 2460 541 2523 Omnes
553 2460 712 2523 fallaciam
728 2471 760 2523 et
775 2460 883 2523 dolum
906 2460 1061 2538 redolent,
1076 2472 1109 2525 et
1128 2482 1319 2545 quocunque
1334 2482 1369 2525 se

416 2568 550 2635 vertant,
560 2562 689 2644 pudicis
703 2563 844 2639 naribus,
855 2562 941 2627 hunc
955 2562 1135 2646 important,
1147 2584 1211 2625 non
1226 2563 1369 2642 odorem,

417 2661 475 2725 sed
489 2662 642 2727 foetorem.
687 2662 852 2747 Quicquid
872 2685 947 2745 ergo
963 2685 1006 2727 ex
1022 2685 1061 2728 ea
1075 2686 1171 2728 causa
1185 2665 1369 2749 acquiritur,

416 2766 512 2829 etiarn
529 2768 569 2828 ab
584 2765 711 2829 haerede
721 2766 808 2849 juste
820 2762 926 2848 potest
941 2768 1044 2831 avelli.
1084 2768 1155 2831 Nee
1170 2768 1265 2832 eredo
1280 2766 1369 2851 quod

419 2866 521 2948 possit
536 2866 722 2947 petitoribus
738 2865 871 2943 obviari,
887 2866 914 2927 si
929 2866 1098 2932 vendicare
1116 2868 1265 2947 audeant,
1281 2868 1368 2953 quod

417 2966 634 3030 adulatoribus
650 2969 863 3030 contulerunt.
909 2967 974 3030 Sed
996 2970 1068 3052 quis
1091 2971 1218 3053 sapiens
1232 2982 1264 3033 et
1277 2971 1371 3033 intel·

416 3068 495 3149 liget
509 3068 591 3132 ista?
615 3071 681 3132 Aut
692 3069 735 3131 ad
750 3070 812 3131 hoc
830 3069 901 3152 quis
916 3068 1065 3148 idoneus,
1077 3092 1176 3153 quum
1191 3093 1258 3134 non
1273 3071 1369 3134 modo

415 3170 449 3230 in
472 3170 559 3232 omni
583 3171 688 3248 domo,
710 3183 765 3233 aut
787 3171 1023 3233 conviventium
1051 3184 1147 3250 coetu,
1170 3173 1368 3236 adulantium

417 3279 504 3333 tanta
534 3271 575 3334 sit
605 3272 708 3354 copia,
736 3284 771 3334 ut
796 3270 822 3334 si
850 3272 921 3354 quis
948 3272 1112 3335 modestus
1137 3273 1289 3337 adversus
1313 3294 1369 3337 eos

417 3371 530 3433 mutire
546 3373 673 3449 audeat,
689 3373 762 3435 illos

521 3478 653 3531 Defendet
664 3497 794 3545 numerus,
802 3480 951 3551 juneiaeqne
963 3480 1073 3533 umbone
1084 3481 1251 3552 phalanges?

417 3576 511 3639 Certe
539 3575 616 3637 dum
640 3577 688 3638 vir
712 3577 868 3640 honestus
892 3579 1033 3641 innitens
1063 3580 1281 3653 conscientiae,
1307 3581 1367 3641 vir·

418 3686 584 3758 tutumque
599 3678 751 3741 insistens
773 3681 900 3757 officiis,
915 3681 1023 3757 esurit,
1041 3681 1116 3758 sitit,
1132 3682 1224 3761 alget,
1241 3690 1273 3742 et
1287 3682 1368 3743 mul·

417 3777 545 3861 tiplices
560 3778 695 3842 sortunae
712 3780 911 3863 indignantis
926 3783 1057 3865 injurias
1072 3784 1206 3865 exeipit,

521 3883 590 3937 Vilis
602 3884 720 3937 adulator
732 3887 800 3957 picto
808 3887 881 3957 jacet
893 3888 979 3939 ebrius
991 3894 1068 3952 ostro,

417 3982 535 4044 delitiis
548 3982 759 4063 ingurgitatur
781 3983 823 4045 ad
846 3986 1020 4066 crapulam,
1038 3986 1113 4049 vino
1136 3997 1260 4066 aestuat,
1274 3986 1368 4049 lauti·

415 4084 522 4144 oribus
538 4084 621 4146 cibis
636 4083 837 4162 distenditur,
849 4097 881 4148 et
895 4107 953 4168 pro
969 4088 1097 4149 arbitrio
1113 4090 1208 4151 variis
1223 4088 1366 4151 artificiis

415 4183 534 4244 coelum
549 4184 610 4245 sibi
627 4195 855 4267 contemperat.
902 4188 1024 4249 Primos
1045 4189 1143 4251 habet
1156 4189 1317 4251 recubitus
1332 4189 1365 4250 in

416 4281 526 4357 coenis,
551 4282 584 4343 in
608 4285 818 4348 conventibus
841 4286 959 4368 primos
989 4308 1170 4365 consessuS,
1197 4290 1367 4371 praeelecto
