3384 5234
314 694 386 741 cur.
404 677 491 756 vnn]
690 690 945 737 Ponrcanmcus.
1206 672 1270 730 295

316 843 364 908 Ut
387 865 462 908 vero
485 842 519 907 in
545 841 640 906 laude
667 839 800 926 Trajani
824 838 948 903 facilius
973 836 1186 923 acquiescant,
1211 836 1267 920 qui

313 943 390 1009 alios
412 943 441 1008 ei
463 941 679 1029 proeferendos
701 942 882 1027 opinantur,
905 939 1038 1004 virtutes
1059 937 1127 1022 ejus
1148 933 1267 1019 legitur

312 1044 554 1111 commendasse
580 1042 795 1109 sanctissimus
820 1064 903 1127 papa
926 1038 1111 1124 Gregorius,
1134 1048 1168 1101 et
1189 1035 1266 1100 fusis

312 1171 370 1234 pro
392 1169 431 1212 eo
452 1146 632 1235 lachrymis,
653 1146 827 1211 inferorum
850 1142 1081 1229 compescuisse
1103 1138 1263 1215 incendia,

313 1251 455 1317 Domino
470 1258 695 1314 remunerante
711 1247 743 1313 in
760 1244 977 1311 misericordia
991 1243 1082 1309 uberi
1093 1240 1264 1330 justitiam,

312 1374 407 1439 quam
425 1351 530 1416 viduas
541 1351 631 1416 flenti
643 1351 830 1416 exhibuerat
845 1348 1013 1439 Trajanus.
1053 1346 1163 1421 Quum
1176 1343 1261 1408 enim

311 1464 506 1518 memoratus
529 1454 715 1539 Imperator,
734 1453 804 1537 jam
828 1473 948 1538 equum
975 1447 1199 1528 adscendisset,
1221 1446 1261 1510 ad

312 1555 434 1620 bellum
464 1555 672 1640 profecturus,
701 1553 797 1619 vidua
829 1551 1027 1639 apprehenso
1056 1552 1138 1637 pede
1166 1549 1262 1626 illins,

313 1654 536 1720 miserabiliter
557 1653 679 1740 lugens,
696 1654 757 1719 sibi
773 1653 932 1739 justitiam
952 1653 1021 1718 fieri
1041 1652 1143 1738 petiit,
1159 1650 1200 1715 de
1215 1651 1264 1716 his

313 1759 368 1845 qui
382 1758 484 1823 filium
497 1759 566 1843 ejus
580 1758 749 1844 optimum,
760 1768 793 1822 et
804 1755 1099 1821 innocentissimum
1109 1755 1263 1840 juvenem

313 1860 430 1945 injuste
445 1859 635 1925 occiderant.
681 1859 746 1940 Tu,
760 1859 876 1946 inquit,
895 1859 1051 1943 Auguste,
1067 1858 1215 1943 imperas,
1230 1868 1265 1920 et

312 1973 456 2048 egotam
472 1972 611 2027 atrocem
627 1961 775 2047 injuriam
791 1960 917 2047 patior?
940 1960 1021 2045 Ego,
1037 1960 1142 2047 inquit
1156 1960 1267 2045 Impe-

313 2074 407 2142 rator,
420 2062 610 2129 satisfaciam
620 2063 678 2129 tibi
691 2086 790 2151 quum
803 2064 939 2129 rediero.
972 2062 1071 2146 Quid,
1082 2062 1188 2150 inquit
1197 2061 1264 2141 illa,

313 2166 339 2231 si
355 2188 418 2233 non
434 2165 589 2231 redieris?
627 2167 796 2233 Successor
810 2188 912 2248 meus,
926 2167 972 2232 ait
992 2166 1161 2253 Trajanus,
1177 2165 1266 2230 satis·

314 2269 410 2334 faciet
437 2269 506 2338 tibi.
559 2268 603 2334 Et
630 2270 703 2335 illa:
742 2268 829 2345 Quid
860 2269 920 2335 tibi
949 2270 1100 2356 proderit,
1130 2267 1156 2333 si
1186 2266 1266 2332 alius

313 2370 535 2437 benefecerit?
572 2372 626 2437 Tu
652 2372 732 2436 mihi
754 2371 945 2448 debitores,
970 2370 1146 2435 secundum
1170 2391 1267 2455 opera

313 2473 496 2539 mercedem
516 2484 710 2557 recepturus.
758 2472 859 2537 Fraus
879 2472 990 2556 utique
1010 2482 1068 2546 est,
1090 2467 1175 2534 nolle
1195 2470 1268 2534 red-

314 2574 390 2640 dere
413 2575 500 2661 quod
525 2575 670 2639 debetur.
718 2573 887 2636 Successor
908 2582 983 2635 tuus
1007 2570 1157 2656 injuriam
1184 2571 1265 2654 pati·

314 2676 452 2756 entibus,
466 2696 523 2760 pro
545 2696 579 2739 se
601 2673 770 2738 tenebitur.
816 2673 868 2737 Te
889 2695 951 2736 non
975 2671 1125 2736 liberabit
1141 2670 1268 2756 justitia

313 2776 427 2841 aliena.
461 2776 551 2839 Beue
566 2789 678 2861 agetur
689 2797 762 2841 cum
778 2797 956 2840 successore
972 2786 1037 2851 tuo,
1047 2773 1074 2838 si
1084 2772 1268 2837 liberaverit

316 2900 350 2942 se
365 2877 481 2963 ipsum.
527 2877 588 2943 His
602 2878 707 2943 verbis
721 2890 827 2943 motus
842 2878 1030 2964 Imperator,
1046 2874 1213 2940 descendit
1226 2874 1267 2938 de

314 3002 407 3067 equo,
435 2991 468 3045 et
491 3002 619 3046 causam
642 2980 885 3068 praesentialiter
910 2978 1113 3055 examinavit,
1136 2986 1170 3042 et
1191 2998 1266 3042 eon-

314 3084 412 3169 digna
440 3083 653 3149 satisfactione
679 3084 808 3149 viduam
839 3084 1018 3149 consolatus
1047 3093 1104 3148 est.
1151 3081 1266 3146 Fertur

314 3194 423 3249 autem
446 3184 647 3249 beatissimus
679 3185 853 3268 Gregorius
885 3186 974 3271 Papa
996 3182 1120 3250 tamdiu
1146 3204 1204 3269 pro
1225 3203 1266 3246 eo

314 3284 1267 3373 fudisselachrymas,doneceiinrevelatiouenuntiatumsit

315 3387 492 3472 Trajanum
515 3410 534 3451 a
556 3388 660 3473 poeuis
679 3388 795 3452 inferni
817 3387 999 3466 liberatum,
1014 3388 1074 3453 sub
1095 3410 1134 3452 ea
1156 3398 1265 3453 tamen

314 3488 507 3566 conditione,
538 3511 579 3554 ue
613 3488 746 3555 ulterius
775 3511 832 3576 pro
861 3482 969 3578 aliquo
997 3490 1120 3556 infideli
1156 3490 1265 3554 Deum

314 3592 482 3657 sollicitare
506 3605 722 3679 praesumeret.
773 3594 872 3659 Unde
898 3605 931 3658 et
958 3586 1074 3658 merito
1098 3592 1268 3679 praefertur

312 3693 391 3773 aliis,
415 3694 506 3781 cujus
526 3695 625 3761 virtus
647 3718 714 3781 prae
737 3696 861 3761 caeteris
882 3696 927 3762 ita
947 3696 1062 3762 sanctis
1084 3693 1213 3781 placuit,
1230 3706 1267 3759 ut
1332 3712 1337 3724 ’

313 3819 423 3863 eorum
446 3798 578 3881 meritis,
599 3798 683 3863 solus
705 3798 746 3863 sit
767 3797 929 3865 liberatus.
976 3798 1021 3864 Et
1041 3798 1112 3864 haec
1133 3797 1264 3884 quidem

312 3899 353 3964 de
369 3900 471 3987 capite
488 3899 672 3987 reipublicae
687 3901 872 3967 dictasunt.
