3384 5234
368 696 438 742 car.
455 676 532 756 xre]
700 691 952 737 Poarcaarrous.
1252 674 1312 733 aol

367 848 514 909 tenuisse.
560 845 596 910 Si
617 853 721 908 motus
736 867 839 908 rerum
861 844 1007 926 praescire
1032 843 1206 921 desideras,
1223 843 1317 905 meri·

367 950 445 1011 toria
460 947 596 1025 discute,
610 956 642 1011 et
662 949 797 1010 lixarum
814 948 1021 1010 castrensium
1043 946 1169 1030 inquire
1190 955 1316 1007 seuten-

366 1050 436 1113 tias.
460 1049 551 1112 Nihil
566 1050 649 1111 enim
660 1049 742 1111 adeo
758 1049 919 1110 occultum
931 1059 989 1117 est,
1002 1046 1089 1130 quod
1099 1047 1144 1109 eis
1155 1068 1195 1109 ex
1208 1047 1318 1129 aliqua

365 1164 454 1235 parte
468 1173 534 1214 non
549 1152 713 1215 reveletur.
758 1150 793 1212 Si
803 1149 880 1211 rnihi
895 1169 959 1211 non
976 1149 1091 1227 credis,
1106 1150 1156 1211 vel
1166 1147 1318 1232 Aquinati

366 1265 474 1317 nostro
486 1275 577 1318 aures
593 1250 812 1316 accommoda.
859 1250 914 1313 Ait
928 1251 1024 1327 enim,

473 1384 497 1434 Ο
513 1382 644 1452 Corydon,
658 1380 789 1449 Corydon,
804 1384 932 1431 secretum
944 1379 1032 1431 divitis
1042 1378 1124 1432 ullum

473 1470 540 1521 Esse
551 1473 627 1540 putas
638 1468 650 1519 i
664 1467 731 1519 servi
741 1470 771 1518 ut
782 1469 895 1529 taceant,
904 1464 1023 1534 jumenta
1033 1464 1178 1533 loquentur,

474 1555 510 1606 Et
522 1556 602 1617 canis,
614 1559 640 1605 et
654 1558 750 1624 postes,
763 1556 789 1602 et
801 1566 942 1601 marmora:
961 1548 1052 1601 claude
1063 1547 1201 1614 fenestras,

476 1641 547 1693 Vela
558 1644 649 1707 tegant
660 1639 747 1701 rimas,
755 1637 840 1707 junge
853 1635 929 1697 ostia,
942 1633 1025 1686 tollito
1037 1634 1124 1687 lumen

476 1725 499 1776 E
512 1725 609 1788 medio,
622 1728 725 1776 taceant
737 1738 838 1783 omnes,
851 1737 931 1791 prope
943 1737 1018 1771 nemo
1030 1721 1180 1775 recumbat:

479 1810 556 1873 Quod
566 1814 654 1860 tomen
666 1807 699 1859 ad
711 1812 815 1859 cantum
827 1804 891 1873 galli
903 1804 965 1857 facit
977 1804 1022 1857 ille
1034 1807 1148 1870 secundi,

477 1895 615 1947 Proximus
627 1898 687 1945 ante
699 1892 769 1944 diem
780 1908 861 1961 caupo
874 1891 946 1942 sciet.

372 2019 527 2081 Procede.
552 2016 586 2079 Si
598 2026 687 2078 terrae
701 2024 857 2081 secretum
871 2035 962 2077 suum
977 2014 1124 2091 infodiat,
1136 2017 1185 2077 vel
1201 2016 1325 2079 arundo

372 2137 577 2181 succrescens
600 2115 664 2178 hoc
686 2113 845 2198 producet
866 2113 901 2176 in
921 2114 1098 2197 publicum,
1122 2125 1155 2178 et
1169 2116 1231 2180 leri
1247 2118 1325 2180 flatu

371 2221 404 2282 iu
422 2240 513 2283 auras
529 2218 680 2301 proferet,
693 2216 846 2299 quoniam

636 2345 775 2398 Auricnlns
787 2346 854 2397 asini
867 2344 956 2397 Midas
967 2346 1057 2399 habet.

372 2468 1326 2554 PallasquoqueErichthoniumsuumoccultarenonpotuit,

374 2571 451 2655 quin
461 2571 566 2653 ipsum
569 2569 806 2653 jamcognitum
818 2569 955 2630 comicis
962 2569 1126 2648 garmlitos
1133 2570 1323 2651 publicaret:

375 2673 460 2735 unde
471 2671 652 2755 quiaalieui
663 2670 795 2733 admissi
805 2669 940 2733 delatrix
951 2670 1050 2733 fuitet
1060 2670 1325 2747 conscia,coloris

377 2771 519 2856 perdidit
542 2782 751 2849 venustatem,
771 2781 804 2833 et
831 2772 1023 2852 garrulitatis
1046 2772 1180 2834 incurrit
1206 2781 1326 2834 notam.

376 2875 534 2937 Praeterea
544 2874 702 2935 secretarii
716 2872 858 2950 divitum,
871 2874 962 2957 quasi
979 2873 1107 2957 quidam
1124 2873 1263 2937 tolutarii
1278 2874 1327 2935 vel

376 2976 533 3041 clitellarii
547 2985 631 3055 suut,
646 2986 677 3038 et
692 2972 747 3057 qui
763 2996 873 3039 eornm
888 2974 1013 3039 delictis
1025 2986 1213 3038 onerentur:
1238 2974 1327 3057 quic-

376 3077 453 3160 quid
469 3079 509 3140 ab
526 3077 572 3141 eis
587 3076 785 3159 delinquitur
800 3077 833 3138 iu
857 3078 988 3140 istorum
1004 3078 1167 3139 infamiam
1183 3075 1328 3152 cuditur3

377 3179 440 3241 nisi
461 3178 542 3241 forte
565 3199 604 3241 ea
626 3177 667 3239 sit
690 3176 731 3240 de
753 3186 885 3261 potente
916 3178 1036 3261 opinio,
1059 3186 1094 3239 ut
1117 3178 1205 3239 nullo
1227 3176 1329 3259 possit

379 3280 515 3343 consilio
546 3278 721 3362 depravari.
767 3279 801 3342 Si
832 3278 918 3341 enim
948 3278 1099 3342 solemnis
1129 3286 1178 3341 est
1208 3276 1330 3340 malitia

378 3381 458 3463 ejus,
473 3380 501 3441 si
516 3379 635 3442 fraudis
655 3390 686 3441 et
700 3378 767 3441 doli
791 3382 921 3460 vulgata
943 3381 1065 3463 opinio,
1089 3380 1185 3444 totius
1201 3378 1330 3441 familiae

377 3482 462 3542 fama
477 3489 639 3562 purgatur,
655 3499 692 3541 ac
714 3480 740 3542 si
756 3480 869 3563 eapitis
887 3481 1021 3561 languor
1034 3478 1261 3541 infirmantium
1276 3477 1331 3541 de·

381 3582 486 3662 nigret
509 3579 649 3641 dolorem
679 3582 822 3644 latenrm.
869 3581 1020 3662 Alioquin
1044 3582 1071 3642 si
1100 3580 1279 3662 benignior,
1302 3580 1331 3642 si

381 3682 504 3745 civilior
526 3678 664 3743 creditur
685 3692 879 3764 potentatus,
903 3682 1010 3744 omnia
1031 3680 1238 3745 deliramenta
1260 3681 1330 3765 ejus

379 3783 559 3858 familiares,
583 3783 673 3864 quasi
704 3779 872 3858 clitellarii,
897 3783 1089 3866 quibusdam
1119 3783 1259 3846 nominis
1280 3782 1330 3844 sui

380 3884 519 3947 humeris
533 3895 672 3967 portant.
717 3883 781 3948 Sed
798 3896 885 3948 recte
907 3895 1068 3965 gestorum
1084 3885 1130 3947 nil
1144 3884 1205 3946 nisi
1221 3884 1332 3967 benig-

381 3985 484 4062 nitati,
500 3994 555 4047 aut
570 3984 715 4047 civilitati
726 3985 865 4066 potentis
878 3985 1076 4049 adscribitur.
1108 3986 1153 4046 Et
1168 3982 1332 4066 siquando

381 4089 526 4149 calculus
556 4086 680 4165 gravior
708 4086 863 4161 imminet,
893 4086 985 4167 quasi
1015 4087 1128 4167 pellem
1152 4104 1211 4164 pro
1241 4085 1333 4165 pelle,

381 4188 518 4249 animam
539 4197 624 4248 tuam
648 4185 737 4248 dabit
760 4185 850 4247 dives
868 4206 924 4267 pro
947 4186 1032 4247 fama
1053 4206 1120 4260 sua,
1144 4195 1175 4245 et
1196 4194 1231 4245 ut
1252 4184 1285 4244 in
1302 4193 1333 4243 te

383 4296 559 4368 retorqueat
572 4288 698 4369 culpam
712 4307 812 4362 suam,
825 4297 921 4366 caput
931 4296 1017 4346 tuum
1028 4284 1147 4345 meritis
1157 4282 1334 4354 criminum,
