3384 5234
366 649 435 701 car.
455 630 516 709 v1.]
743 645 995 692 ronrcnsrrcus.
1277 625 1318 685 39

367 795 633 877 intercinentium,
659 808 690 861 et
714 795 937 873 occinentium,
965 794 1143 882 praemolles
1172 790 1318 855 modula·

369 900 471 964 tiones
487 896 635 977 audieris,
652 898 835 966 Sirenarum
850 908 1021 961 concentus
1040 894 1149 960 credas
1163 915 1240 969 esse,
1255 913 1319 956 non

367 1000 543 1080 hominnm,
566 1012 597 1064 et
624 999 663 1068 de
687 1021 800 1064 vocum
827 997 981 1063 facilitate
1006 996 1180 1075 miraberis,
1203 992 1320 1080 quibus

368 1101 552 1186 philomena
575 1100 626 1164 vel
652 1100 817 1184 psittacus,
840 1113 897 1165 aut
924 1100 950 1163 si
980 1099 1061 1185 quid
1091 1097 1235 1163 sonorius
1261 1103 1320 1173 est,

368 1201 479 1272 modos
503 1224 576 1274 suos
599 1214 763 1288 nequeunt
791 1221 967 1284 coaequare.
1011 1205 1062 1271 Ea
1087 1197 1243 1285 siquidem
1269 1206 1318 1262 est

368 1302 559 1372 ascendendi
585 1301 863 1388 descendendique
888 1301 1043 1376 facilitas3
1080 1325 1117 1367 ea
1146 1299 1243 1364 sectio
1269 1294 1321 1360 vel

369 1402 540 1487 geminatio
559 1403 752 1479 notularum,
776 1425 813 1466 ea
834 1401 998 1488 replicatio
1020 1400 1239 1475 articulorum,
1260 1401 1322 1462 sin-

369 1504 585 1590 gulorumque
610 1503 833 1576 consolidatio;
869 1507 914 1568 sic
938 1519 1030 1569 acuta
1056 1503 1103 1570 rel
1130 1500 1322 1579 acutissima,

371 1603 524 1688 gravibus
540 1617 571 1669 et
594 1605 805 1689 subgravibus
820 1617 1051 1690 temperantur,
1067 1616 1105 1667 ut
1124 1602 1254 1670 auribus
1274 1598 1321 1665 sui

367 1704 485 1792 judicii
499 1705 567 1767 fere
585 1697 792 1770 subtrahatur
807 1706 997 1773 auctoritas:
1023 1717 1055 1770 et
1075 1704 1209 1779 animus,
1225 1722 1322 1788 quem

304 1802 306 1806 ’
372 1819 472 1869 tantae
499 1805 664 1870 suavitatis
691 1805 840 1871 demulsit
866 1806 979 1890 gratia,
1002 1805 1185 1870 auditorum
1211 1803 1325 1897 merita

370 1907 551 1971 examinare
570 1927 632 1968 non
655 1904 782 1970 sufficit.
828 1909 935 1981 Quum
952 1905 1020 1969 haec
1041 1904 1173 1991 quidem
1191 1902 1323 1969 modum

371 2006 571 2087 excesserint,
587 2006 770 2071 lumborum
786 2008 996 2093 pruriginem,
1012 2029 1109 2092 quarn
1124 2004 1324 2070 devotionem

371 2108 496 2185 mentis,
512 2117 663 2193 poterunt
679 2107 773 2174 citius
787 2110 936 2172 excitare.
971 2109 1004 2172 Si
1017 2130 1091 2171 vero
1102 2105 1326 2171 moderationis

371 2208 509 2274 formula
529 2206 721 2281 limitantur,
738 2205 879 2271 animum
900 2207 1018 2271 scuris
1032 2207 1205 2283 redimunt,
1221 2217 1326 2270 exter·

372 2309 493 2373 minant
518 2308 742 2393 temporalium
763 2308 1008 2386 solicitudinem,
1024 2321 1056 2373 et
1071 2308 1209 2394 quadam
1228 2307 1326 2393 parti-

372 2409 531 2493 cipatione
551 2408 684 2485 laetitiae,
706 2421 738 2473 et
761 2409 885 2495 quietis,
904 2424 936 2475 et
957 2410 1058 2474 amica
1077 2409 1273 2491 exultatione
1292 2408 1326 2472 in

374 2512 491 2589 Deum,
506 2522 628 2573 mentes
650 2508 806 2574 humanas
827 2510 990 2595 trajiciunt
1011 2510 1051 2575 ad
1072 2511 1252 2576 societatem
1270 2532 1325 2574 an·

374 2609 530 2694 gelorum.
581 2608 645 2674 Sed
677 2609 761 2674 unde
791 2611 873 2674 hanc
902 2611 1128 2675 moderationis
1155 2607 1327 2673 formulam

374 2708 484 2775 tenes?
506 2708 725 2787 Exultabunt,
738 2710 857 2796 inquit,
868 2734 970 2797 quum
980 2727 1149 2776 cantavero
1160 2709 1230 2784 tibi,
1243 2708 1328 2774 labia

376 2836 455 2877 mea.
501 2815 534 2877 Si
555 2837 631 2899 ergo
651 2838 691 2879 ex
712 2816 906 2882 abundantia
920 2816 1024 2880 cordis
1043 2839 1078 2880 os
1092 2829 1184 2880 tuum
1200 2813 1327 2878 laudem

377 2914 510 2978 Domini
525 2914 718 2999 moduletur,
734 2919 759 2981 si
781 2919 895 3004 spiritu
919 2918 1028 3002 psallis
1042 2931 1074 2981 et
1088 2928 1204 2992 mente,
1219 2914 1329 3001 psallis

376 3016 515 3097 denique
530 3016 697 3100 sapienter,
712 3019 807 3083 etiam
825 3019 907 3083 citra
922 3018 1099 3082 articulatae
1114 3017 1199 3081 vocis
1213 3015 1329 3080 intelli-

377 3115 529 3201 gentiam,
545 3117 746 3183 rectissimam
762 3120 929 3185 modestiae
943 3119 1085 3204 regulam
1102 3131 1200 3195 tenes,
1215 3130 1247 3182 et
1265 3138 1327 3181 non

376 3233 443 3281 tam
450 3218 546 3293 vocis,
554 3240 651 3303 quam
663 3221 888 3306 mentisjubiln
897 3244 989 3286 aures
998 3218 1286 3295 mulcesAltissimi,
1297 3231 1329 3283 et

376 3315 626 3404 indignationem
638 3321 708 3406 ejus
723 3321 899 3407 prudenter
914 3322 1041 3387 avertis.
1079 3323 1142 3399 Qui
1155 3333 1262 3385 autem
1274 3339 1330 3381 vo-

375 3420 507 3505 luptatis
535 3433 593 3486 aut
625 3422 773 3487 vanitatis
802 3424 935 3488 affectus
964 3421 1125 3507 exprimit,
1152 3421 1210 3509 qui
1240 3420 1328 3484 vocis

376 3520 512 3605 gratiam
542 3522 710 3607 prostituit
738 3524 1003 3610 concupiscentiis
1032 3524 1108 3601 suis,
1134 3524 1191 3609 qui
1216 3520 1330 3587 lenoci-

376 3620 503 3687 niorum
533 3622 715 3687 clientulam
746 3623 898 3688 musicam
926 3624 1015 3703 facit,
1041 3625 1167 3709 ignorat
1196 3622 1329 3709 quidem

374 3720 533 3793 canticum
550 3723 691 3797 Domini,
708 3722 810 3787 modis
831 3723 1018 3809 Babyloniis
1037 3722 1171 3788 festivus
1191 3722 1223 3786 in
1244 3734 1330 3786 terra

374 3817 485 3885 aliena.
526 3822 591 3898 Qui
606 3822 710 3885 nescio
726 3846 792 3908 quo
806 3836 902 3907 pacto
916 3823 990 3909 plus
1005 3824 1161 3908 placeant,
1175 3821 1235 3887 nisi
1250 3821 1328 3907 quia

483 3926 600 3982 Nitimur
611 3929 639 3981 in
650 3930 759 3982 verium
771 3945 882 4000 semper,
891 3931 1058 4001 cupimusque
1068 3936 1175 3997 negata.

380 4026 427 4087 Et
455 4044 550 4106 aquae
577 4022 708 4087 furtiva
736 4022 907 4099 dulciores,
937 4036 968 4088 et
1002 4024 1093 4108 panis
1125 4020 1332 4089 absconditus

378 4125 509 4197 suamet
534 4137 591 4188 est.
637 4126 683 4188 Et
707 4124 840 4209 quidem
868 4124 1031 4211 Phrygius
1057 4124 1179 4203 modus,
1204 4124 1331 4188 decreto

376 4224 656 4308 Philosophorum,
677 4226 717 4289 ab
734 4225 806 4289 aule
827 4227 961 4290 Graeciae
979 4225 1046 4308 jam
1066 4225 1189 4311 pridem
1213 4227 1326 4287 missus
