3384 5234
430 685 492 744 882
685 695 820 740 sosnurs
836 695 1114 740 ssunsnnnrnnsrs
1259 675 1340 755 [tre.
1356 695 1388 737 v.

434 858 570 934 portant.
623 851 689 911 Aut
714 850 740 911 si
764 849 1013 912 emolumentum
1040 870 1108 911 esse
1142 870 1206 911 non
1231 848 1319 920 licet,
1346 848 1389 911 sit

433 955 545 1016 saltem
572 951 791 1034 compensatio
817 960 1000 1033 sumptuum
1027 962 1060 1013 et
1088 948 1286 1012 damnorum.
1341 950 1388 1011 Hi

433 1064 540 1116 tamen
556 1052 617 1114 rari
633 1063 716 1114 sunt.
762 1051 844 1123 Quis
859 1051 945 1113 enim
967 1049 1127 1112 erubescit
1148 1048 1271 1112 dicere:
1298 1048 1387 1121 Quid

434 1155 514 1217 mihi
530 1152 622 1216 dabis
647 1164 684 1215 ut
709 1152 766 1215 tibi
787 1151 944 1234 justitiam
969 1149 1105 1214 faciam?
1161 1152 1245 1213 Nam
1273 1162 1307 1211 ut
1329 1171 1390 1233 pro

435 1257 542 1340 seipsa
562 1255 761 1328 exhibeatur,
784 1255 899 1316 frustra
918 1264 1082 1336 expectas.
1138 1254 1257 1316 Nonne
1281 1252 1385 1314 simile

433 1374 491 1432 est,
508 1379 545 1430 ac
562 1358 589 1419 si
604 1355 737 1432 dicatur,
753 1355 832 1439 quid
855 1356 949 1418 vultis
964 1356 1042 1417 mihi
1064 1355 1139 1418 dare
1154 1367 1190 1417 ut
1204 1375 1255 1417 me
1278 1354 1386 1436 ipsum

432 1465 601 1542 abnegem,
616 1459 758 1521 officium
773 1457 917 1541 prodam,
931 1468 963 1520 et
978 1456 1143 1521 dominum
1158 1454 1319 1520 rendum?

432 1650 515 1730 Cap.
534 1652 581 1710 17.
607 1647 786 1709 Pecuniam
802 1645 1068 1707 contemnendam
1086 1664 1149 1707 esse
1165 1663 1240 1725 prae
1257 1644 1386 1725 sapien-

474 1752 541 1812 tia:
575 1746 660 1828 quod
678 1750 776 1809 etium
791 1753 931 1809 aeterum
951 1745 1211 1827 Philosophorum
1229 1745 1387 1826 probatur

472 1851 632 1932 cremplis.

471 1980 662 2041 Lnounrua
677 1977 804 2060 plurimi
825 1976 1093 2059 Philosophorum
1109 1997 1174 2054 non
1189 1973 1286 2039 modo
1301 1975 1382 2038 diri·

429 2080 488 2142 tias
503 2079 742 2160 contempsisse,
757 2078 814 2141 sed
830 2078 998 2161 abjecisse,
1010 2078 1101 2161 quasi
1116 2078 1380 2161 impedimentum

428 2180 592 2262 sapientiae
609 2189 641 2240 ot
654 2179 787 2241 virtutis.
834 2180 925 2242 Fecit
940 2180 1001 2242 hoc
1024 2181 1183 2258 Socratae,
1202 2202 1297 2264 quem
1313 2202 1380 2242 om·

427 2267 516 2341 nium
532 2277 795 2361 philosophorum
813 2288 909 2341 sectae
925 2279 1016 2361 quasi
1040 2279 1228 2361 prudentiae,
1244 2291 1276 2343 et
1300 2281 1382 2343 veri·

426 2381 500 2444 tatis
515 2381 648 2443 unicum
664 2379 784 2442 fontem
802 2391 1000 2443 venerantur.
1028 2382 1233 2443 Antisthenes
1249 2401 1377 2464 quoque

426 2504 525 2566 quum
546 2481 682 2562 gloriose
701 2481 891 2545 rhetoricam
911 2481 1082 2560 docuisset,
1098 2483 1303 2568 audissetque
1320 2484 1378 2547 So·

425 2598 557 2660 cratem,
585 2584 706 2649 dixisse
732 2585 830 2649 fertur
862 2584 904 2647 ad
930 2585 1107 2670 discipulos
1132 2607 1225 2649 suos:
1271 2587 1377 2661 Abite,

425 2688 610 2767 magistrum
628 2687 768 2769 quaerite,
786 2709 846 2768 ogo
863 2687 948 2749 enim
960 2687 1028 2771 jam
1046 2689 1159 2771 reperi.
1198 2688 1377 2771 Statimque

424 2788 561 2852 venditis
585 2809 657 2872 quae
683 2786 833 2866 habebat,
860 2802 893 2851 et
922 2790 1054 2871 publice
1082 2789 1272 2869 distributis,
1296 2791 1378 2853 nihil

424 2891 484 2952 sibi
498 2891 570 2973 plus
583 2911 679 2973 quam
690 2891 855 2973 palliolum
874 2892 1053 2954 reservavit.
1085 2890 1195 2975 Hujus
1210 2892 1377 2974 Diogenes

421 2991 476 3053 ille
498 2989 730 3052 famosissimus
750 3000 888 3053 sectator
910 2991 980 3069 suit,
1000 2992 1162 3073 potentior
1183 3014 1256 3073 rege
1278 2993 1376 3055 Alex-

423 3091 534 3164 andro,
550 3102 581 3154 et
595 3103 715 3155 naturae
730 3093 877 3155 humanae
900 3092 1009 3156 victor.
1053 3094 1159 3165 Quum
1185 3106 1292 3157 autem
1313 3096 1379 3156 An·

425 3192 577 3254 tisthenes
604 3191 833 3274 discipulorum
863 3193 986 3254 nullum
1016 3192 1183 3275 reciperet,
1212 3205 1244 3257 et
1269 3215 1376 3278 perse-

424 3305 584 3357 verantem
602 3292 782 3374 Diogenem
803 3313 962 3356 removere
984 3315 1050 3357 non
1069 3308 1190 3377 posset,
1205 3296 1376 3359 novissime

424 3396 456 3458 ei
467 3395 606 3458 minatus
618 3405 667 3457 est
679 3395 813 3469 clavam,
825 3394 887 3455 uisi
898 3394 1010 3457 abiret.
1042 3396 1125 3457 Tum
1135 3398 1188 3460 itle
1200 3397 1375 3481 subjecisse

422 3509 520 3581 caput
533 3497 631 3560 fertur
642 3508 736 3580 atque
750 3494 891 3559 dixisse:
919 3498 1037 3561 Nullus
1049 3508 1113 3561 tam
1132 3500 1229 3564 durus
1240 3501 1374 3563 baculus

422 3598 491 3672 erit,
508 3599 563 3680 qni
580 3618 665 3660 mea
686 3607 740 3659 tuo
760 3597 862 3678 possit
882 3598 1042 3662 consortio
1063 3619 1220 3682 separare.
1266 3601 1376 3663 Refert

421 3699 562 3779 Satyrus,
599 3699 655 3779 qui
691 3698 828 3761 virorum
865 3700 1036 3763 illustrium
1071 3702 1181 3764 scribit
1215 3700 1374 3775 historias,

420 3797 507 3881 quod
522 3798 581 3860 iste
605 3798 767 3878 Diogenes
787 3801 920 3881 palliolo
941 3800 1064 3884 duplici
1086 3821 1162 3863 usus
1184 3802 1223 3863 sit
1244 3812 1374 3883 propter

418 3901 527 3981 frigus,
543 3919 652 3980 peram
674 3919 732 3980 pro
758 3900 888 3965 cellario
913 3902 1070 3977 habuerit,
1097 3921 1271 3982 secumque
1298 3923 1371 3984 por-

418 4002 540 4078 taverit,
563 4012 595 4063 et
619 4000 706 4085 quod
732 4003 854 4065 clavam
881 4000 1011 4084 gerebat
1036 4003 1078 4063 oh
1104 4004 1284 4085 corpusculi
1309 4005 1370 4067 sra-

414 4101 581 4184 gilitatem,
597 4125 660 4187 qua
669 4104 739 4188 jam
763 4127 864 4170 senex
889 4106 1031 4168 membra
1057 4113 1234 4167 sustentare
1259 4106 1371 4169 solitus

415 4216 491 4281 erat,
507 4216 538 4269 et
553 4207 745 4271 emorathios
760 4209 856 4290 vulgo
872 4206 914 4269 sit
929 4206 1118 4289 appellatus,
1132 4206 1166 4269 in
1179 4221 1367 4290 praesentem

412 4306 675 4391 horam'poscens
691 4332 710 4373 a
726 4310 870 4392 quolibet
886 4319 918 4373 et
941 4307 1106 4391 accipiens
1133 4309 1253 4374 eibum.
1300 4311 1369 4373 Ha·
