3384 5234
312 692 383 737 car.
399 676 475 755 xia]
660 694 918 744 ronrcaarrous.
1013 687 1016 693 '
1226 682 1267 739 49

312 845 399 908 tione
423 845 595 924 stellarum,
622 846 752 931 situque
777 843 980 921 firmamenti,
1006 857 1037 910 et
1065 844 1264 930 planetarum

311 957 411 1022 motu,
428 969 502 1032 quoe
518 946 580 1010 sint
596 958 730 1008 ventura
744 943 930 1028 conjiciunt,
948 955 984 1008 ut
1001 957 1046 1009 est
1063 944 1163 1009 illud:

414 1053 514 1107 Nostra
525 1053 565 1106 vel
579 1052 672 1120 oequali
685 1052 820 1124 suspendit
832 1058 950 1123 tempora
961 1052 1029 1106 libra

415 1137 498 1190 Parca
510 1142 592 1189 tenax
603 1137 667 1199 veri,
679 1153 726 1188 sen
737 1141 799 1188 nata
810 1136 933 1191 fidelibus
944 1137 1017 1190 hora.

415 1222 517 1276 Dividit
529 1225 557 1275 in
569 1222 694 1275 Geminos
706 1222 841 1275 concordia
852 1222 923 1275 facta
934 1224 1051 1288 duorum,

413 1308 605 1375 Saturnumque
616 1323 724 1373 gravem
734 1311 821 1359 nostro
833 1305 898 1359 Jove
912 1303 1056 1374 frangimus
1067 1325 1130 1373 una,

415 1391 512 1445 Nescio
524 1392 593 1460 quod
605 1396 676 1443 certe
689 1395 738 1454 est,
751 1392 859 1460 quodie
872 1376 937 1443 mihi
948 1397 1075 1463 temperat
1087 1400 1194 1446 astrum.

309 1482 356 1543 Ac
383 1480 410 1542 si
436 1477 598 1541 stellarum
625 1476 757 1539 choreas
782 1476 1074 1563 applicationesque
1102 1480 1197 1544 unius
1223 1480 1264 1544 ad

309 1578 440 1654 alteram
457 1589 579 1641 constet
598 1579 704 1653 rebus,
721 1601 795 1663 quae
814 1601 854 1642 ex
876 1576 1000 1642 arbitrii
1025 1578 1171 1645 libertate
1192 1604 1264 1667 pro·

310 1680 454 1757 veniunt,
484 1679 644 1765 quandam
682 1680 877 1744 necessitatis
912 1692 1064 1766 praestare
1098 1681 1262 1765 origiuem,

268 1829 272 1836 -
308 1805 444 1868 quorum
467 1796 499 1848 et
521 1782 722 1867 genethliaci,
737 1783 794 1867 qui
816 1805 958 1868 geneses,
978 1782 1013 1847 id
1034 1795 1082 1848 est
1104 1784 1264 1850 natalitias

307 1886 402 1948 horas
417 1885 599 1962 attendunt,
611 1883 778 1949 imitantur
787 1906 937 1948 errorem.
978 1884 1073 1951 Unde
1085 1886 1261 1971 Satyricus,

412 1993 486 2046 Nota
496 1993 688 2046 mathematicis
699 1994 804 2061 genesis
815 1999 870 2046 tua.

308 2079 410 2144 lidem
427 2104 500 2145 vero
515 2080 681 2166 horoscopi
697 2080 912 2145 nominantur.
957 2077 1054 2145 Unde
1069 2104 1189 2159 rursus,

553 2181 679 2233 Geminos
690 2179 831 2253 horoscope
842 2198 914 2233 varo.

412 2266 539 2320 Produois
550 2268 637 2334 genio.

305 2352 419 2438 Viguit
441 2365 548 2417 autem
569 2353 632 2417 ista
654 2354 785 2418 scientia
806 2364 838 2418 et
861 2353 944 2418 forte
966 2377 1034 2418 eam
1058 2354 1260 2441 aliquatenus

303 2452 394 2519 licuit
417 2456 568 2530 exerceri,
590 2453 691 2517 donec
714 2456 819 2518 Deum
842 2467 955 2518 natum
977 2455 1141 2521 nunciavit
1166 2458 1261 2523 stella

303 2554 343 2620 de
365 2556 453 2635 caelo,
474 2578 650 2640 magosque
672 2577 735 2619 non
759 2557 911 2639 reprobos
934 2557 1093 2640 primitias
1116 2557 1192 2622 fidei
1218 2558 1259 2622 ad

302 2682 375 2724 eum
397 2659 596 2723 adoraudum
619 2682 702 2722 novo
723 2674 756 2722 et
778 2657 925 2722 inaudito
947 2658 1068 2721 ducatu
1094 2658 1258 2742 perduxit.

303 2759 431 2825 Exinde
447 2784 521 2825 vero
536 2761 665 2847 penitus
685 2760 855 2825 interdicta
874 2770 932 2824 est.
979 2759 1181 2823 Salissatores
1202 2763 1259 2845 qui

303 2884 344 2926 ex
366 2866 448 2926 saltu
471 2863 698 2941 membrorum,
720 2875 776 2927 aut
802 2862 967 2947 inopinato
990 2862 1132 2947 corporis
1158 2874 1259 2942 motu,

301 2984 487 3049 prosperum
504 2961 627 3046 aliquid
643 2962 789 3053 futurum
811 2975 992 3041 autumant,
1007 2962 1059 3024 vel
1077 2960 1257 3026 adversum.

286 3061 454 3147 ‚Sortilegi
469 3073 554 3135 sunt,
571 3059 628 3146 qui
644 3060 704 3123 sub
723 3060 847 3123 nomine
864 3060 950 3125 fictae
973 3059 1132 3143 religionis
1148 3084 1260 3147 super·

301 3165 425 3232 stitiosa
439 3164 578 3251 quadam
594 3161 826 3238 observatione,
839 3184 943 3225 rerum
960 3162 1149 3249 pollicentur
1164 3186 1256 3227 even·

302 3281 366 3348 tus,
381 3266 468 3354 quod
491 3287 593 3351 genus
608 3277 708 3329 sortes
722 3264 949 3350 Apostolorum
966 3276 998 3329 et
1018 3265 1256 3353 prophetarum,

301 3382 333 3435 et
349 3368 573 3444 dividentium,
590 3380 621 3432 et
638 3366 791 3452 inspectio
807 3366 938 3446 tabulae,
953 3389 1028 3453 quae
1043 3368 1258 3455 Pythagorica

300 3470 492 3557 appellatur,
509 3468 689 3533 observatio
711 3489 840 3555 quoque
861 3468 1019 3555 cujusque
1040 3492 1132 3534 casus
1152 3470 1185 3533 in
1208 3472 1254 3535 rei

297 3574 338 3639 de
368 3597 433 3660 qua
464 3572 631 3659 quaeritur,
662 3570 902 3656 significatione.
961 3571 1143 3656 Augurium
1178 3594 1253 3636 vero

297 3672 394 3760 quod
408 3684 455 3736 est
477 3672 511 3735 in
532 3670 640 3734 avium
667 3668 900 3745 observatione,
926 3670 1071 3755 Phryges
1097 3671 1254 3735 invenisse

298 3775 483 3850 traduntur,
507 3772 595 3859 quod
617 3773 651 3835 in
674 3794 750 3835 voce
772 3771 914 3835 traditur
940 3784 996 3835 aut
1023 3772 1143 3838 volatu.
1189 3777 1250 3839 Est

296 3889 401 3941 autem
432 3873 606 3939 secundum
642 3872 843 3937 traditionem
878 3895 1000 3953 eorum,
1030 3876 1154 3937 volatus
1183 3886 1248 3937 tam

279 3976 418 4042 ‘alarum
436 3997 530 4062 quam
546 3974 682 4061 pedum:
707 3975 780 4037 vola
795 3973 953 4058 siquidem
969 3984 1016 4035 est
1032 3994 1106 4057 pars
1120 3972 1250 4037 interior

297 4079 411 4162 palmae
434 4078 484 4141 vel
508 4077 610 4163 pedis.
655 4076 753 4141 Unde
776 4074 864 4161 apud
891 4078 1057 4139 Maronem
1084 4076 1118 4138 iu
1144 4089 1246 4153 sexto,

296 4177 448 4242 Volantes
476 4200 535 4262 pro
564 4177 785 4262 gradientibus
819 4176 975 4242 columbae
1011 4175 1249 4240 describuntur.

298 4281 372 4341 Hoc
396 4279 512 4345 etenim
540 4278 580 4343 ad
605 4278 741 4342 hominis
764 4281 903 4362 pertinet
927 4277 1124 4353 felicitatem,
1148 4276 1172 4339 si
1197 4299 1250 4338 co·

341 4399 413 4444 vos.
431 4399 481 4445 111.
771 4399 790 4441 Ε
