3384 5234
344 678 414 723 cnr.
436 665 496 745 1v.]
706 680 963 727 rotrcanrtcus.
1240 670 1301 731 167

345 852 408 895 non
431 853 499 897 esse
527 831 632 911 illum,
658 830 714 919 qui
739 831 780 897 de
805 840 934 916 pectore
963 829 1103 896 veritatis
1132 831 1297 918 sapientiae

341 933 461 1000 fluenta
470 934 601 1021 potavit,
612 957 713 1021 quum
725 934 836 999 orbern
846 932 1001 998 iniectum
1011 932 1071 999 hac
1081 933 1154 999 labe
1162 933 1298 1014 intonet,

340 1037 464 1105 diceus:
482 1039 695 1126 Quaecunque
710 1037 743 1102 in
759 1037 820 1102 hoc
835 1036 957 1101 mundo
971 1046 1055 1119 sunt,
1070 1037 1298 1125 concupiscen-

341 1140 418 1206 tiam
437 1142 604 1208 oculorum
624 1164 704 1221 esse,
725 1152 781 1205 aut
804 1140 917 1217 carnis,
934 1152 990 1204 ant
1008 1140 1191 1227 superbiam
1211 1141 1297 1209 vitae.

341 1245 406 1319 Qui
421 1269 498 1331 ergo
511 1247 598 1311 hunc
612 1267 755 1311 amorem
769 1229 834 1309 non
850 1253 1019 1329 temperat,
1035 1243 1148 1311 timeat
1161 1244 1295 1331 lepram,

339 1359 373 1412 et
388 1349 564 1414 caecitatem
576 1348 752 1427 oculorum,
763 1369 837 1434 quae
852 1369 892 1411 ex
906 1368 946 1410 ea
960 1346 1118 1425 imminet,
1127 1348 1294 1434 pertimes-

341 1461 402 1517 cat.
449 1451 484 1516 Si
504 1451 610 1539 itaque
632 1450 690 1533 illi,
704 1449 760 1537 qui
783 1471 847 1513 non
870 1446 1049 1535 reprimunt
1070 1449 1297 1536 concupiscen-

342 1554 430 1631 tiam,
442 1554 598 1620 malorum
614 1554 725 1640 utique
741 1553 863 1618 iontem
878 1561 913 1616 et
926 1550 1083 1635 fomitem,
1091 1551 1295 1640 dispendium

340 1657 450 1722 salutis
464 1658 640 1735 incurrunt,
655 1656 734 1744 quid
746 1655 807 1720 erit
820 1653 895 1734 illis,
907 1653 964 1741 qui
978 1676 1050 1719 eam
1064 1666 1295 1722 assentatorum

340 1759 542 1825 inflammant
556 1759 703 1839 stimulis,
714 1770 747 1823 et
762 1757 853 1846 quasi
868 1756 1010 1822 fomenta
1021 1756 1171 1822 vitiorum
1181 1781 1296 1825 accen·

340 1862 445 1927 dunt?
475 1862 560 1942 Quid
581 1862 778 1944 facientem
793 1860 899 1947 potius
920 1860 999 1948 quid
1019 1860 1190 1946 patientur,
1206 1863 1296 1950 quia

340 1965 473 2031 veritate
488 1977 636 2032 avertunt
649 1965 807 2044 auditum,
822 1964 856 2028 in
877 1962 1087 2029 admiratione
1102 1986 1207 2029 rerum
1227 1988 1298 2031 cor·

340 2068 539 2155 ruptibilium
562 2080 595 2133 et
617 2066 901 2154 corrumpentium,
922 2089 986 2132 non
1004 2067 1159 2132 claudunt
1177 2068 1296 2152 oculos,

340 2195 453 2237 manus
477 2171 675 2259 expandunt,
699 2182 732 2235 et
754 2170 898 2235 omnium
920 2191 1071 2237 sensuum
1092 2170 1294 2238 vivacitatem

339 2272 512 2338 exercent?
534 2271 663 2338 Deinde
678 2271 768 2358 quasi
783 2270 849 2337 diei
864 2293 927 2337 uon
943 2271 1077 2337 sufficiat
1090 2272 1213 2339 malitia
1227 2296 1295 2353 sua,

339 2375 466 2441 fallacia
487 2376 582 2441 unius
606 2375 737 2441 alterius
761 2373 920 2440 fallaciam
944 2374 1052 2440 trudit.
1098 2376 1295 2443 Terentiano

337 2477 495 2565 siquidem
510 2478 608 2543 verbo
617 2477 770 2543 libentius
785 2489 867 2560 utor,
878 2477 956 2541 dum
971 2477 1013 2541 ad
1028 2479 1295 2565 concupiscentiae

337 2580 499 2646 fornacem
528 2581 789 2649 succendendum
818 2579 1013 2644 conveniunt
1041 2580 1232 2664 adulatores,
1261 2590 1295 2646 et

339 2682 501 2764 relatores,
521 2682 689 2763 delatores,
712 2697 746 2747 et
763 2683 968 2762 detractores,
990 2681 1102 2760 invidi,
1124 2681 1295 2759 ambitiosi,

338 2784 425 2863 elati,
450 2784 582 2869 factiosi,
605 2797 639 2852 et
663 2786 882 2873 superstitiosi,
904 2785 1061 2871 flagitiosi,
1085 2785 1294 2874 omniumque

339 2884 513 2951 officiorum
528 2888 801 2973 praevaricatorem
828 2909 907 2974 quos
922 2886 998 2974 quia
1012 2887 1079 2951 fere
1095 2886 1215 2974 ubique
1231 2899 1295 2953 ter·

339 3011 446 3054 rarum
468 3002 551 3069 sunt,
574 2990 698 3056 facilius
719 3001 768 3056 est
789 2989 945 3071 invenire,
961 3012 1058 3077 quam
1080 2990 1294 3057 dinumerare.

339 3093 501 3159 Adversus
516 3094 699 3182 hujusmodi
719 3105 768 3160 est
782 3094 886 3160 omnis
905 3094 967 3172 lex,
983 3093 1017 3157 in
1032 3093 1089 3160 hos
1104 3092 1212 3158 omnia
1219 3094 1296 3180 jura

337 3198 514 3283 conjurant,
525 3209 559 3263 et
573 3199 606 3264 in
618 3199 748 3265 eosdem
763 3198 854 3285 quasi
865 3198 898 3262 in
913 3196 1053 3283 publicae
1064 3196 1173 3263 salutis
1188 3196 1294 3263 hostes

337 3302 529 3389 quandoque
544 3302 648 3367 omnis
662 3302 839 3368 armabitur
855 3312 1011 3367 creatura.

339 3634 418 3721 Cap.
434 3643 464 3700 4.
489 3638 578 3713 Quid
590 3639 755 3719 adulator,
768 3644 960 3712 assentator,
977 3643 1008 3700 et
1020 3638 1137 3719 palpo,·
1165 3643 1196 3699 et
1210 3636 1295 3717 quod

623 3744 669 3805 eie
683 3740 770 3805 etti!
777 3736 1004 3823 perniciosius.

380 3874 566 3940 Anumroa
576 3873 663 3937 enim
675 3871 778 3938 onmis
795 3872 919 3939 virtutis
929 3871 1078 3938 iuimicus
1088 3882 1147 3949 est,
1158 3881 1192 3935 et
1203 3871 1294 3959 quasi

337 3974 462 4041 clavum
479 3976 549 4062 figit
562 3976 597 4040 in
620 3976 713 4041 oculo
727 3976 823 4055 illius,
838 3998 914 4042 cum
931 3998 996 4063 quo
1017 3996 1197 4040 sermonem
1217 3996 1293 4038 con·

336 4079 422 4157 serit,
448 4102 552 4167 eoque
578 4080 679 4165 magis
702 4080 864 4147 cavendus
893 4095 951 4157 eet,
975 4101 1041 4166 quo
1066 4077 1126 4142 sub
1155 4076 1293 4142 amantis

337 4180 454 4265 specie,
478 4204 593 4247 nocere
617 4205 681 4248 non
704 4182 833 4263 desinit,
856 4182 960 4247 donec
983 4178 1113 4245 rationis
1136 4178 1294 4243 obtundat

338 4302 485 4363 acumen,
507 4294 540 4347 et
561 4283 723 4352 modicum
742 4283 776 4348 id
800 4281 940 4359 luminis,
964 4281 1051 4367 quod
1072 4278 1182 4344 adesse
1204 4278 1292 4343 vide·
