3384 5234
313 709 383 755 car.
399 693 491 773 xm]
668 709 921 756 roavcnnrrcus.
1202 698 1266 756 ala

308 882 375 924 ram
390 864 607 946 loquerentur,
623 860 668 924 ita
683 860 860 946 rescripsit:
886 860 934 923 Mi
951 858 1071 936 Tiberi,
1086 858 1149 922 noli
1166 860 1260 924 nimis

307 961 479 1045 indignari,
494 981 687 1045 quemquam
709 982 775 1023 esse
797 960 855 1045 qui
877 960 918 1022 de
940 972 972 1023 te
995 960 1076 1023 male
1098 960 1258 1044 loquatur.

310 1064 392 1128 Satis
416 1077 463 1128 est
487 1064 570 1127 enim
597 1063 622 1128 si
649 1063 709 1126 hoc
730 1061 896 1140 babemus,
918 1062 1029 1147 nequis
1051 1061 1142 1125 nobis
1164 1062 1260 1125 male·

306 1164 410 1229 facere
439 1166 548 1251 possit.
606 1164 696 1227 Idem
733 1175 821 1227 tanta
856 1163 1003 1228 comitate
1037 1163 1195 1249 quoslibet
1225 1186 1259 1226 se

306 1267 459 1332 adeuntes
487 1267 676 1353 excipiebat,
709 1280 745 1331 ut
780 1265 940 1351 quendam
972 1267 1152 1329 Romanum
1182 1266 1258 1351 joco

306 1369 508 1454 corripuerit,
521 1368 609 1454 quod
624 1367 667 1432 sic
680 1367 740 1432 sibi
756 1366 900 1431 libellum
911 1370 1072 1452 porrigere
1083 1380 1257 1443 vereretur,

308 1470 400 1553 quasi
423 1469 591 1555 elephanto
615 1469 740 1554 stipem.
784 1471 829 1532 Et
854 1480 1008 1553 quantum
1037 1469 1124 1531 Nero
1147 1467 1258 1531 adula-

308 1570 449 1635 tionibus
471 1586 583 1656 captus
604 1584 664 1647 est,
686 1582 811 1635 tantum
834 1570 895 1632 iste
916 1570 958 1633 ab
980 1570 1026 1634 eis
1049 1592 1180 1635 aversus
1199 1583 1257 1634 est·

306 1670 403 1734 Unde
418 1672 658 1757 appellationem
675 1670 805 1744 domini,
823 1682 860 1733 ut
875 1669 1078 1734 maledictum
1093 1683 1125 1734 et
1140 1692 1256 1756 oppro-

306 1770 424 1847 brium,
441 1794 563 1857 semper
578 1770 754 1835 exhorruit.
799 1770 946 1855 Denique
966 1792 1068 1855 quum
1083 1769 1185 1833 eidem
1200 1772 1256 1834 de·

307 1871 467 1935 sceudenti
484 1896 539 1959 per
550 1896 669 1937 sacram
680 1875 774 1948 viam,
784 1870 970 1956 desperatus
981 1871 1111 1957 quidam
1124 1871 1253 1946 diceret,

308 1974 497 2058 Otyranne3
517 1974 550 2037 si
562 1996 674 2051 essem,
686 1973 802 2059 inquit,
815 1996 877 2037 non
890 1974 1019 2038 diceres.
1042 1974 1255 2038 Observatum

305 2076 420 2138 etenim
437 2089 495 2156 est,
510 2079 658 2162 quotiens
676 2074 916 2159 ingrediebatur
937 2076 1060 2151 urbem,
1075 2098 1114 2139 ne
1137 2075 1258 2161 suppli-

306 2177 390 2241 cium
402 2177 442 2241 de
454 2201 615 2264 quoquam
628 2191 814 2243 sumeretur.
839 2178 974 2244 Curtius
983 2200 1081 2263 eques
1092 2182 1256 2243 Romanus

306 2279 422 2344 delitiis
437 2283 583 2361 affluens,
598 2303 700 2366 quum
717 2302 857 2343 macrum
875 2279 1007 2345 turdum
1022 2281 1205 2366 sumpsisset
1221 2279 1255 2343 in

306 2381 451 2444 convivio
481 2382 628 2461 Caesaris,
657 2381 865 2465 interrogavit
894 2403 933 2444 au
969 2381 1095 2445 mittere
1124 2382 1253 2454 liceret;

305 2480 467 2565 respondit
496 2482 655 2568 princeps,
683 2481 803 2559 Quidni
829 2481 944 2545 liceat?
980 2480 1037 2544 llle
1064 2485 1172 2545 statim
1197 2504 1255 2567 per

304 2580 471 2660 fenestram
484 2583 580 2651 misit.
611 2582 707 2648 Miles
719 2583 841 2670 peritus
856 2581 996 2667 aucupii,
1008 2595 1168 2660 noctuam,
1179 2604 1257 2667 quae

306 2683 440 2747 Caesaris
468 2699 577 2750 noctes
606 2686 849 2772 inquietaverat,
880 2706 935 2767 spe
963 2683 1102 2767 ingentis
1130 2684 1255 2767 praemii

304 2794 429 2868 captam
445 2785 522 2848 tulit
537 2785 576 2849 ad
594 2787 761 2850 Caesarem.
809 2784 956 2849 Laudato
972 2785 1152 2869 Imperator
1167 2783 1255 2847 mille

305 2905 452 2949 nummos
474 2886 543 2950 dari
560 2886 667 2973 jussit.
711 2892 755 2953 At
777 2887 830 2951 ille
851 2909 947 2950 ausus
965 2898 1014 2949 est
1035 2884 1150 2963 dicere,
1165 2885 1255 2949 Malo

301 2984 399 3066 vivat,
424 3009 578 3074 avemque
603 2988 733 3053 dimisit.
779 2987 931 3073 Abiitque
960 2998 1131 3051 contumax
1160 2984 1253 3051 miles

303 3107 364 3149 non
388 3089 454 3151 sine
476 3088 683 3153 admiratione
705 3088 893 3167 multorum,
909 3088 1016 3150 Caesar
1039 3108 1100 3149 non
1123 3086 1252 3151 offenso.

303 3187 479 3252 Veteranus
490 3213 590 3274 quum
603 3189 663 3253 sibi
675 3188 727 3252 die
738 3187 824 3253 dicto
834 3186 1078 3274 periclitaretur,
1092 3189 1252 3253 Caesarem

302 3290 427 3374 rogavit
447 3290 479 3353 in
502 3291 630 3376 publico
649 3302 686 3355 ut
711 3290 852 3354 adesset:
880 3289 933 3352 ille
956 3288 1252 3375 praestantissimum

301 3387 504 3465 advocatum,
520 3412 615 3474 quem
632 3394 780 3476 elegerat,
796 3390 862 3453 sine
877 3411 964 3452 mora
979 3388 1079 3469 dedit,
1094 3411 1252 3453 commen·

301 3488 454 3572 davitque
469 3491 497 3553 ei
512 3491 715 3576 litigatorem.
751 3495 928 3560 Veteranus
943 3503 1048 3555 autern
1064 3490 1254 3558 exclamavit

302 3610 378 3652 voce
394 3612 529 3675 magna:
552 3597 671 3657 Arnon
687 3615 758 3678 ego,
774 3594 894 3669 Caesar,
910 3590 1107 3677 periclitante
1123 3605 1154 3657 te
1168 3593 1253 3657 bello

299 3689 441 3769 Actiaco,
464 3691 617 3756 vicarium
638 3693 783 3778 quaesivi,
805 3694 861 3757 sed
883 3716 942 3779 pro
964 3705 995 3758 te
1010 3692 1079 3778 ipse
1098 3695 1251 3781 pugnavi,

298 3789 484 3878 detexitque
493 3794 661 3881 impressas
670 3796 839 3859 cicatrices.
870 3794 1009 3859 Erubuit
1019 3798 1138 3874 Caesar,
1150 3800 1251 3861 venit-

299 3894 407 3977 quein
432 3894 679 3977 advocationem,
695 3908 731 3960 ut
750 3896 805 3981 qui
826 3908 990 3960 vereretur
1009 3918 1071 3959 non
1093 3897 1252 3982 superbus

299 4007 435 4075 tanturn,
451 3998 504 4061 sed
520 4002 614 4063 etiam
630 3998 777 4082 ingratus
793 3997 903 4061 videri.
942 4000 1123 4062 intraverat
1139 4003 1251 4064 urbem

299 4094 479 4161 adolescens
490 4098 667 4163 simillimus
679 4102 810 4177 Caesari,
822 4098 1076 4185 perductumque
1091 4098 1133 4162 ad
1146 4102 1251 4165 Caesa-

299 4214 365 4256 rem
381 4195 586 4281 interrogavit
603 4203 787 4283 Augustus:
815 4199 876 4262 Dic
892 4199 970 4263 mibi
984 4200 1175 4277 adolescens,
1190 4200 1252 4264 fuit
1340 4211 1345 4219 '

301 4314 443 4377 unquam
456 4311 554 4370 mater
566 4312 622 4362 tua
632 4302 767 4364 Romae?
793 4298 932 4381 Negavit
944 4299 1008 4376 ille,
1018 4323 1074 4363 nec
1086 4313 1254 4376 contentus
