3384 5234
367 682 431 746 884
624 692 763 739 sosuurs
778 692 1059 738 ssassonrunusrs
1191 675 1274 755 [un.
1291 697 1320 744 v,

370 857 483 912 cerunt
495 847 603 922 etalii,
616 847 670 930 qui
682 846 796 910 fertum
807 855 863 909 aut
874 846 1022 923 cicutam,
1035 845 1161 911 aliudve
1173 848 1320 912 toxicum

368 960 640 1033 praeoccupantes,
660 970 787 1012 omnem
809 961 842 1012 et
861 950 961 1012 solam
985 950 1036 1028 (ut
1058 951 1230 1034 putabunt)
1254 963 1320 1014 tur·

368 1052 523 1136 pitudinis
538 1052 736 1133 effugiebant
750 1063 872 1114 notam.
909 1052 1057 1114 Veritatis
1072 1074 1213 1136 namque
1228 1053 1319 1133 igno

369 1153 472 1217 rantia
486 1154 533 1217 eis
548 1154 742 1237 patrocinari
757 1154 900 1230 videtur3
923 1153 982 1217 sed
1006 1176 1113 1219 crassa
1137 1167 1186 1220 est
1210 1167 1243 1220 et
1268 1178 1320 1219 su·

368 1255 457 1339 pina,
472 1276 545 1338 qum
563 1267 650 1319 certa
673 1256 838 1339 postponit
859 1255 999 1329 incertis,
1026 1268 1059 1319 et
1082 1257 1239 1341 quicquid
1264 1258 1320 1321 ba-

368 1359 463 1422 betur
485 1359 642 1442 optimum
668 1378 832 1421 excausa
861 1358 952 1421 inani
977 1357 1098 1442 abjicit,
1121 1372 1153 1423 et
1178 1361 1321 1444 expellit.

369 1462 441 1524 Nec
468 1461 501 1523 in
526 1483 565 1524 eo
589 1460 781 1525 fortitudinis
806 1481 923 1523 nomen
954 1461 1144 1545 assequitur,
1171 1462 1258 1545 quod
1286 1484 1320 1526 se

365 1583 432 1645 prae
459 1563 581 1626 caeteris
606 1560 806 1626 fraudulenta
831 1562 941 1645 opinio
966 1565 1121 1647 consequi
1158 1564 1319 1645 gloriatur.

370 1666 491 1749 Utique
506 1663 722 1727 fraudulenter
735 1674 767 1726 et
782 1684 873 1741 vane,
885 1664 970 1747 quin,
987 1675 1023 1727 ut
1037 1665 1082 1728 ait
1100 1666 1165 1739 ille,

473 1779 566 1832 Rebus
574 1779 602 1831 in
613 1779 728 1831 adversis
739 1778 816 1831 focile
828 1784 870 1831 est
882 1785 1047 1833 contemnere
1058 1782 1149 1846 vitem,

543 1864 648 1917 Fortius
659 1864 704 1918 ille
714 1863 778 1917 facit
789 1866 834 1934 qui
844 1866 922 1917 miser
933 1882 991 1918 esse
1002 1871 1098 1937 potest.

369 1974 475 2035 Nemo
490 1992 599 2033 eorum
615 1971 670 2055 qui
686 1980 819 2034 mortem
840 1980 1017 2055 provocant
1041 1972 1237 2036 excusabilis
1262 1984 1319 2037 est.

369 2072 631 2136 Excusabiliores
665 2083 751 2146 sunt,
785 2073 841 2155 qui
884 2072 1103 2135 imminentem
1140 2073 1320 2137 abhorrent.

369 2175 449 2247 Quis
470 2175 555 2235 enim
577 2175 728 2253 cognovit
749 2174 917 2236 consilium
939 2175 1082 2248 Domini,
1097 2183 1133 2238 et
1155 2196 1195 2238 an
1219 2177 1322 2257 possit

369 2288 504 2341 mortem
531 2273 771 2357 impendentem
796 2295 987 2358 quacunque
1010 2276 1131 2340 ratione
1156 2275 1319 2356 effugere?

369 2376 604 2440 Sandrococtus
642 2396 661 2438 a
689 2396 762 2455 rege
800 2375 984 2440 Alexandro
1029 2376 1167 2440 interfici
1197 2377 1319 2462 jussus,

368 2481 501 2544 salutem
529 2478 690 2541 celeritate
716 2478 836 2561 pedum
864 2478 1019 2560 quaesivit.
1078 2479 1135 2542 Ex
1159 2500 1224 2562 qna
1246 2480 1319 2542 iati-

370 2583 497 2665 gatione
513 2602 611 2666 quum
627 2601 740 2643 somno
754 2590 869 2663 captus
884 2577 1020 2663 jaceret,
1036 2582 1089 2643 leo
1103 2580 1242 2661 ingentis
1257 2580 1319 2644 for·

366 2709 439 2759 mae,
462 2685 503 2748 ad
531 2683 739 2747 dormientem
762 2681 907 2757 accessit,
932 2681 1144 2766 sudoremque
1168 2682 1318 2745 fluentem

367 2791 479 2871 lingua
493 2787 522 2850 ei
538 2786 678 2862 detersit,
698 2796 731 2848 et
755 2783 874 2846 blande
898 2783 1157 2867 expergefactum
1181 2784 1318 2869 reliquit

368 2892 444 2954 Hoc
459 2888 616 2973 prodigio,
626 2887 763 2971 primum
778 2884 819 2947 ad
835 2906 926 2968 spem
941 2886 1040 2967 regni,
1056 2886 1223 2970 majestate
1239 2888 1319 2950 orni-

367 2994 419 3057 nis
433 2993 590 3074 impulsus
609 3002 668 3054 cst.
712 2988 861 3052 Molienti
887 2989 1004 3052 deinde
1023 2991 1143 3053 bellum
1167 2989 1319 3054 adversus

368 3095 538 3179 praefectos
566 3090 753 3166 Alexandri,
779 3091 970 3173 elephantus
995 3091 1130 3156 infinitae
1158 3092 1318 3173 magnitu-

366 3194 453 3260 dinis
468 3197 550 3259 ultro
566 3216 601 3257 se
615 3193 742 3266 obtulit,
758 3204 790 3255 et
803 3194 903 3255 veluti
918 3192 1038 3257 domita
1061 3193 1318 3269 mansuetudine,

368 3320 443 3362 eum
457 3308 547 3379 tergo
563 3295 716 3379 suscepit,
731 3293 863 3377 duxque
884 3295 972 3369 belli,
988 3305 1020 3359 ct
1045 3297 1205 3379 praeliator
1228 3306 1316 3381 post·

365 3399 499 3464 modum
522 3397 655 3480 insignis
677 3395 793 3459 extitit.
838 3394 1042 3459 Andronicus
1062 3417 1204 3480 quoque,
1227 3395 1317 3459 dam·

365 3514 461 3567 natus
482 3502 524 3566 ad
546 3501 674 3579 bestias,
696 3520 795 3582 quum
816 3499 903 3561 leoni
925 3499 1071 3583 objectus
1091 3510 1186 3573 esset,
1208 3499 1319 3582 quiet

365 3602 558 3666 vastitudine
587 3600 738 3684 corporis
761 3609 793 3662 et
814 3598 937 3683 impetu
967 3600 1099 3664 fervoris
1126 3602 1317 3683 fremituque

365 3703 515 3778 terrifico,
542 3724 657 3765 sonoro
688 3723 817 3785 quoque
849 3710 936 3779 tono,
962 3704 1126 3786 comisque
1157 3702 1316 3763 cervicum

366 3803 607 3876 fluctuantibus,
621 3802 746 3863 animos
761 3802 903 3862 omnium
927 3804 1102 3883 oculosque
1123 3803 1155 3863 in
1178 3821 1213 3862 se
1236 3821 1314 3862 con-

364 3911 506 3981 verteret,
520 3902 641 3964 illaesus
663 3901 775 3975 evasit,
790 3921 828 3960 eo
852 3900 938 3981 quod
960 3901 1017 3962 ubi
1037 3922 1110 3962 enm
1132 3903 1184 3964 leo
1204 3901 1315 3984 procul

366 3999 739 4091 aspexitrepentequasi
749 3998 908 4061 admirans
919 3999 1014 4072 stetit,
1022 4021 1059 4064 ac
1070 4000 1314 4065 deindesensim

365 4124 398 4175 et
419 4106 512 4195 quasi
529 4102 737 4191 jocabundus
762 4100 890 4187 placide
915 4103 1051 4166 accessit
1076 4103 1117 4166 ad
1139 4104 1314 4167 hominem.

366 4214 450 4276 Tum
474 4206 610 4273 caudam
635 4226 722 4269 more
753 4215 849 4289 atque
875 4203 936 4267 ritu
959 4205 1159 4270 adulantium
1186 4227 1315 4283 canum,

366 4316 540 4377 clementer
565 4319 597 4373 et
620 4308 737 4373 blande
763 4308 871 4384 movit,
896 4306 1099 4392 hominisque
1126 4330 1160 4377 se
1188 4307 1315 4391 corpori
