3384 5234
451 673 512 732 178
580 651 583 656 “
706 678 1138 726 rornmsssnusannmusrs
1250 659 1330 737 [ms.
1349 676 1401 721 111.

451 831 613 920 pectoris?
645 832 803 896 Caeterum
819 851 918 913 quum
934 830 1105 913 multiplex
1126 829 1169 891 sit
1189 829 1301 893 vitium
1323 828 1401 892 adu-

450 934 551 1010 landi,
574 934 645 996 aliis
660 933 761 1009 vultu,
781 931 852 993 aliis
867 931 973 1004 verbo,
994 929 1065 992 aliis
1089 948 1186 1011 opere
1200 930 1251 990 vel
1270 947 1402 991 munere

449 1034 696 1108 assentantibus,
705 1030 984 1094 efficacissimaest
993 1029 1186 1092 adulationis
1195 1028 1290 1105 fraus,
1301 1047 1402 1108 quom

449 1133 686 1197 simulationem
715 1130 906 1193 confirment
934 1150 1075 1206 munera,
1099 1139 1154 1193 aut
1178 1129 1210 1191 ei
1239 1127 1400 1191 difficilius

450 1234 638 1317 obsequium
653 1243 858 1297 contestatur.
902 1232 938 1295 si
952 1232 1045 1295 aliter
1059 1230 1170 1310 credis,

832 1378 910 1430 quem
922 1367 950 1415 te
962 1367 1008 1414 tua
1018 1367 1135 1432 tempora
1145 1359 1248 1428 fallunt,

554 1447 609 1513 Qui
620 1450 688 1521 stipe
699 1447 753 1501 mel
764 1452 850 1501 sumta
862 1447 962 1500 dulcius
975 1464 1032 1500 esse
1043 1452 1127 1518 putas.

448 1568 600 1635 Probatio
615 1570 775 1653 siquidem
786 1590 869 1632 verae
885 1568 1064 1631 dilectionis
1075 1581 1124 1632 est
1138 1570 1198 1632 sub
1213 1567 1309 1652 hujus
1322 1577 1401 1632 tem·

448 1671 582 1755 pestatis
596 1671 810 1753 corruptione,
819 1668 1033 1752 frequentatio
1044 1668 1194 1732 muneris.
1217 1670 1277 1732 Ars
1287 1670 1400 1732 artium

449 1783 508 1850 est,
522 1772 549 1834 si
564 1772 691 1854 placere
706 1771 765 1847 vis,
779 1769 961 1853 frequenter
976 1768 1062 1832 dato.
1113 1791 1116 1795 ·

691 1899 721 1951 Si
731 1898 843 1951 calidum
855 1898 906 1950 scis
916 1914 1012 1968 ponere
1024 1915 1124 1962 sumen,

552 1986 609 2037 Scis
620 1984 741 2036 comitem
752 1982 911 2034 horridulum
922 1984 985 2034 trita
996 1983 1091 2034 donare
1102 1981 1213 2047 lacerna,

449 2105 526 2167 alter
540 2102 720 2164 Mercurius
735 2100 796 2163 eris
812 2100 853 2173 ei,
868 2109 902 2160 et
917 2101 945 2162 si
961 2101 1008 2162 vis
1023 2103 1168 2183 amplius,
1185 2124 1220 2165 es
1235 2104 1363 2184 Apollo,

552 2212 704 2280 Phoeboque
715 2209 852 2281 pulchrior,
865 2216 893 2262 et
904 2227 990 2263 sorore
1003 2212 1106 2265 Phoebi.

446 2326 518 2389 Nec
548 2334 597 2386 est
627 2321 714 2404 quod
743 2319 784 2383 de
811 2320 960 2402 suffragio
990 2321 1091 2405 ipsius
1116 2324 1277 2407 desperes,
1300 2349 1398 2411 quem

444 2424 630 2488 muneribus
658 2420 776 2505 pascis.
835 2423 997 2485 Alimenta
1026 2424 1185 2506 siquidem
1220 2429 1399 2492 umbratilis

445 2524 565 2607 gratiae,
581 2536 614 2587 et
631 2520 773 2584 nominis
794 2521 956 2604 prostituti
976 2525 1168 2587 munuscula
1187 2537 1272 2604 sunt,
1287 2538 1318 2589 et
1338 2529 1400 2591 nisi

444 2622 563 2687 fuerint
575 2622 784 2705 frequentata,
795 2619 945 2685 amicitiae
959 2642 1076 2684 nomen
1087 2622 1279 2688 interimunt.
1304 2627 1400 2688 Frus-

445 2735 504 2801 tra,
519 2723 560 2785 de
581 2719 722 2784 muneris
744 2718 923 2801 quantitate
944 2721 1160 2800 praesumitur,
1173 2723 1237 2785 nisi
1258 2724 1399 2787 animam

445 2821 631 2905 cupiditatis
650 2819 724 2901 igne
747 2839 946 2896 succensam,
963 2822 1082 2883 crebrae
1100 2822 1291 2886 visitationis
1312 2825 1400 2887 refri-

446 2921 534 3003 gerio
555 2930 725 3003 temperes,
740 2927 773 2981 et
791 2917 933 2981 avaritiae
949 2916 1063 3002 jugem
1085 2920 1219 2984 esuriem
1241 2924 1400 3006 frequenti

445 3019 677 3085 beneficiorum
699 3017 946 3099 interpolatione
971 3017 1163 3083 demulceas.
1211 3022 1399 3105 Aquilarum

444 3122 638 3185 dicituresse
647 3128 769 3196 natura,
780 3126 817 3180 ut
828 3138 928 3200 quum
940 3121 1138 3182 stomachum
1150 3122 1288 3203 pleniori
1302 3122 1400 3185 refec-

447 3224 534 3286 tione
548 3218 823 3303 ingurgitaverint,
838 3218 872 3280 in
889 3219 1037 3300 quintum
1052 3218 1215 3284 decimum
1229 3222 1325 3297 diem,
1339 3220 1398 3297 vel,

443 3334 480 3387 ut
494 3324 564 3386 aliis
578 3323 695 3405 placet,
706 3321 739 3381 in
753 3319 1031 3403 quadragesimum
1041 3321 1240 3404 suspendant
1250 3325 1399 3404 esuriem,

443 3426 685 3504 oblatorumque
696 3420 838 3482 ciborum
857 3419 982 3501 copiam
999 3433 1220 3501 aspernentur,
1231 3445 1296 3487 una
1311 3438 1397 3489 satu·

443 3524 536 3585 ritate
560 3531 728 3584 contentae.
774 3521 859 3582 Sane
881 3521 978 3601 longe
1001 3520 1064 3583 alia
1089 3520 1231 3585 conditio
1253 3522 1398 3603 divitum,

444 3622 508 3682 imo
523 3640 631 3681 eorum
647 3621 702 3703 qui
723 3621 866 3683 venalem
886 3620 1083 3703 prostituunt
1103 3622 1245 3702 gratiam.
1291 3625 1398 3706 Magis

444 3721 530 3784 enim
549 3720 751 3801 aliquatenus
771 3721 931 3783 accedunt
948 3722 991 3784 ad
1012 3722 1171 3798 homines,
1187 3723 1242 3805 qui
1265 3744 1397 3789 necesse

443 3822 575 3892 habent,
592 3819 666 3901 quia
680 3820 790 3881 crebro
806 3820 960 3897 esuriunt,
974 3824 1086 3886 crebro
1102 3823 1201 3887 refici.
1246 3826 1305 3887 Vis
1321 3847 1397 3909 pos-

444 3928 519 3983 sunt
554 3918 723 3981 collectam
766 3916 899 3979 esuriem
934 3920 966 3981 in
999 3920 1083 3984 diem
1117 3922 1398 4005 quadragesimum

444 4019 614 4101 protelare,
637 4016 713 4098 quin
740 4016 949 4098 indignentur
970 4020 1093 4096 amicis,
1114 4022 1143 4084 si
1167 4044 1233 4085 non
1257 4025 1397 4089 avaritiae

443 4120 567 4181 hiatum
588 4117 797 4200 oppleverint.
835 4118 990 4182 Solebant
1012 4120 1187 4203 antiquitus
1209 4122 1395 4188 Gratiarum

443 4218 623 4296 simulacra,
638 4217 770 4301 effigiari
793 4218 894 4299 nuda,
907 4240 945 4282 eo
964 4220 1051 4302 quod
1070 4220 1216 4284 soliditas
1236 4224 1398 4305 amicitiae,
