3384 5234
374 673 446 721 cae.
461 658 562 738 xx11.]
714 675 969 722 rosscrrsrmus.
1265 667 1326 729 las

374 848 511 907 sensum,
532 837 570 891 ut
592 824 721 904 dixerit,
742 824 768 889 si
790 847 852 889 non
875 838 978 891 essent
1000 825 1227 912 praedestinati,
1251 828 1326 896 dix·-

372 925 465 989 issem
487 925 586 1002 vobis,
607 926 660 990 ibo
682 938 714 990 et
737 926 982 1011 praedestinabo,
1003 927 1153 993 credibile
1174 942 1221 994 est
1244 929 1323 994 dum

371 1048 476 1090 rerum
492 1026 610 1112 pendet
625 1039 767 1102 eventus,
784 1027 811 1091 si
825 1027 1035 1113 omnipotenti
1051 1028 1185 1114 placeat,
1199 1054 1252 1095 eos
1267 1031 1324 1116 qui
1346 1069 1350 1076 ·

371 1128 514 1193 noudum
544 1128 761 1214 praedestinati
791 1141 876 1204 suut,
909 1152 999 1214 posse
1034 1130 1252 1214 praedestiuari
1281 1132 1324 1197 ad

372 1227 483 1304 vitam,
498 1239 529 1291 et
545 1227 601 1313 qui
619 1227 687 1310 jam
709 1227 819 1311 scripti
840 1239 916 1292 sunt
935 1228 969 1292 in
991 1228 1074 1292 libro
1090 1230 1176 1307 vitae,
1196 1231 1326 1317 exigen-

374 1328 460 1392 tibus
474 1328 595 1393 meritis
609 1330 650 1393 ab
666 1328 776 1393 eodem
793 1350 886 1415 posse
900 1328 1010 1393 deleri.
1056 1328 1143 1395 Hinc
1157 1343 1205 1396 est
1220 1332 1321 1397 forte:

374 1429 551 1494 Deleantur
580 1429 620 1493 de
649 1429 731 1493 libro
756 1431 944 1510 viventium,
973 1442 1005 1495 et
1034 1453 1108 1495 cum
1133 1432 1232 1518 justis
1260 1456 1323 1498 non

374 1531 561 1595 scribantur.
609 1532 773 1616 Itemque:
801 1536 869 1596 Aut
884 1530 1011 1597 dimitte
1025 1537 1070 1597 eis
1091 1533 1173 1598 hauc
1195 1556 1322 1612 noxam,

373 1644 429 1697 aut
446 1633 472 1696 si
488 1654 549 1695 non
564 1630 652 1706 facis,
661 1632 732 1695 dele
747 1655 798 1696 me
812 1632 853 1696 de
868 1632 950 1696 libro
967 1646 1034 1710 tuo,
1050 1657 1143 1719 quem
1159 1636 1324 1722 scripsisti.

346 1792 350 1800 .
374 1733 437 1812 Qui
453 1745 547 1797 natus
562 1732 734 1817 est,inquit
744 1731 965 1815 *avangelista
976 1757 1015 1798 ex
1031 1737 1111 1811 Deo,
1123 1757 1186 1798 uon
1202 1750 1323 1822 peccat,

375 1836 525 1919 quoniam
549 1834 711 1918 generatio
732 1833 868 1899 coelestis
890 1847 993 1899 servat
1020 1859 1104 1902 eum.
1149 1838 1322 1905 Generatio

372 1937 487 2022 utique
501 1934 636 1999 coelestis
650 1947 697 2000 est
713 1948 831 2001 aeterna
844 1934 1094 2021 praedestinatio,
1107 1938 1200 2025 cujus
1214 1962 1323 2007 omues

372 2038 429 2102 filii
452 2036 676 2121 ingrediuntur
697 2036 738 2101 ad
755 2037 865 2112 vitam,
881 2035 941 2101 etsi
962 2038 1111 2122 possibile
1133 2039 1174 2105 sit
1195 2040 1322 2107 eosdem

371 2139 640 2224 praevaricationis
662 2137 775 2201 merito
797 2160 816 2204 a
833 2138 973 2224 justitia,
994 2163 1069 2225 quae
1093 2143 1145 2205 ria
1166 2143 1242 2210 vitae
1263 2155 1323 2223 est,

370 2242 528 2306 aberrare.
575 2239 609 2304 Si
631 2239 709 2303 mihi
730 2261 795 2303 non
817 2239 933 2317 credis,
948 2240 1024 2304 audi
1040 2241 1090 2305 vel
1111 2241 1214 2322 illum,
1229 2243 1281 2308 cui
1296 2243 1322 2310 si

370 2341 503 2426 angelus
519 2340 560 2404 de
574 2339 655 2405 coelo
669 2339 908 2420 contradixerit,
922 2340 1109 2426 dignissimo
1122 2344 1323 2412 anathemate

371 2441 645 2506 condemnabitur.
690 2443 795 2517 Pater,
823 2441 942 2527 iuquit,
966 2464 1006 2505 er
1032 2442 1077 2507 eis
1100 2465 1183 2528 quos
1205 2444 1322 2512 dedisti

372 2544 452 2607 mihi
466 2564 529 2605 non
544 2540 669 2627 perdidi
691 2563 899 2626 quemquam,
914 2541 969 2605 sed
992 2564 1082 2606 serva
1100 2565 1164 2606 eos.
1208 2546 1322 2610 Nonne

371 2667 480 2730 quaeso
498 2644 566 2729 jam
588 2642 660 2706 illos
674 2642 869 2727 perdiderat,
885 2643 941 2728 qui
963 2654 1136 2707 retrorsum
1151 2642 1321 2709 abierant?

372 2751 488 2811 Nonne
509 2746 604 2809 etiam
626 2744 863 2830 quodammodo
880 2745 947 2828 jam
971 2745 993 2806 J
996 2743 1093 2808 udam
1114 2744 1321 2830 perdiderat?

374 2846 438 2909 Sed
461 2858 545 2909 certe
569 2867 632 2908 non
657 2857 875 2930 acceptaverat
904 2866 976 2909 eum
1002 2844 1035 2908 in
1058 2867 1173 2909 arcano
1197 2846 1321 2912 consilii

370 2947 468 3025 filius,
496 2969 553 3010 nec
581 2958 671 3032 pater
701 2946 889 3011 servandum
920 2947 1003 3010 iuter
1032 2946 1226 3033 conscriptos
1255 2947 1322 3012 filio

371 3049 503 3113 dederat
514 3048 615 3127 illum,
626 3047 684 3134 qui
699 3070 761 3111 non
776 3049 883 3111 fuerat
898 3046 1144 3133 praedestinatus
1158 3048 1321 3114 advitam.

372 3153 405 3218 Si
422 3176 495 3217 vero
516 3152 570 3217 alii
591 3150 799 3238 praeordinati
820 3162 922 3221 erant,
942 3149 968 3212 si
990 3148 1053 3211 labi
1076 3170 1139 3211 uon
1161 3162 1320 3234 poterant,

370 3277 469 3340 quare
477 3277 537 3341 pro
545 3256 591 3317 eis
599 3264 689 3316 tauta
698 3252 868 3316 sedulitate
877 3251 963 3315 filius
972 3249 1157 3314 intercedit?
1171 3250 1321 3316 Salvandi

371 3379 448 3441 ergo
463 3367 567 3419 erant:
592 3366 623 3417 et
639 3368 744 3417 tamen
760 3352 837 3416 dum
851 3350 1165 3437 peregrinabantura
1181 3350 1320 3415 Domino

371 3468 504 3520 mortem
520 3466 667 3540 poterant
678 3454 860 3539 promereri,
872 3452 913 3516 ad
926 3452 1022 3515 vitam
1034 3450 1122 3515 nulla
1134 3452 1320 3517 necessitate

370 3556 655 3645 praedestinationis
675 3556 799 3621 arctati.
855 3555 1022 3620 Gloriatur
1039 3555 1113 3640 quis
1134 3555 1222 3640 quod
1245 3578 1318 3622 eum

369 3659 449 3724 nihil
472 3657 630 3744 separabit
653 3656 825 3721 ecaritate
846 3656 980 3733 Christi,
1002 3668 1034 3719 et
1059 3668 1165 3720 tamen
1185 3658 1320 3743 castigat

368 3778 484 3843 corpus
504 3778 608 3835 suum,
628 3756 708 3818 etin
732 3755 917 3817 servitutem
940 3751 1067 3838 redigit,
1089 3775 1129 3816 ue
1150 3752 1233 3818 forte
1247 3775 1319 3818 cum

367 3858 438 3926 aliis
453 3855 687 3943 praedicaverit,
701 3856 769 3939 ipse
785 3853 940 3938 reprobus
955 3854 1145 3917 inveniatur.
1191 3854 1230 3916 In
1244 3876 1321 3939 apo·

367 3959 487 4046 calypsi
510 3979 640 4043 quoque
670 3967 840 4037 monentur
869 3953 972 4038 angeli
1003 3952 1205 4018 ecclesiarum
1233 3976 1319 4019 nuuc

367 4084 462 4145 agere
476 4058 695 4145 poenitentiam
715 4069 747 4121 et
767 4056 871 4142 prima
893 4077 990 4141 opera
1007 4055 1133 4130 facere„
1147 4075 1187 4117 ne
1212 4078 1318 4120 move-

368 4177 441 4227 atur
463 4160 687 4225 candelabrum
711 4180 831 4232 eorum,
853 4178 937 4221 nunc
960 4171 1066 4223 tenere
1086 4156 1191 4218 locum
1213 4179 1318 4232 suum,

369 4264 564 4329 riccundem
590 4261 680 4324 alteri
708 4259 833 4325 cedant.
881 4258 949 4320 Cur
975 4258 1030 4332 ita,
1054 4256 1079 4318 si
1106 4278 1179 4338 quac
1208 4256 1319 4322 futura
