3384 5234
420 670 483 729 als
694 676 833 723 solutus
849 675 1130 722 stassnarususrs
1248 656 1331 735 [un.
1349 680 1378 723 v,

420 834 590 920 patrocinii
615 830 800 893 fidelissime
822 829 1019 912 implendum
1043 839 1103 900 est,
1124 841 1155 891 et
1175 829 1244 891 sine
1266 829 1378 894 adver·

421 936 573 1000 sariorum
596 931 722 1016 injuria.
767 930 961 993 Rationibus
982 950 1133 1013 namque,
1156 953 1222 993 non
1250 935 1378 1014 probris

419 1034 677 1101 contendendum
694 1043 752 1111 est,
764 1044 796 1095 et
811 1055 853 1096 ex
870 1032 977 1095 edicto
993 1032 1148 1115 principis
1169 1034 1287 1117 patitur
1306 1040 1376 1118 opi·

419 1138 526 1202 nionis
542 1133 758 1220 dispendium,
769 1134 918 1218 quisquis
930 1134 1060 1215 negotio
1075 1133 1237 1213 derelicto,
1253 1158 1376 1219 procax

417 1242 451 1305 in
471 1238 641 1303 adversarii
664 1238 714 1305 sui
734 1236 961 1300 contumeliam
985 1246 1040 1298 aut
1063 1238 1169 1319 palam
1190 1238 1305 1321 pergit,
1320 1254 1376 1302 aut

417 1342 563 1407 subdole.
609 1340 676 1404 Sed
696 1340 773 1403 licet
791 1351 925 1422 patrono
947 1360 1070 1402 merces
1091 1359 1131 1402 ex
1153 1362 1251 1405 causa
1273 1342 1374 1405 hono-

418 1445 490 1509 rarii
513 1444 678 1519 debeatur,
700 1442 962 1505 concinnatorem
994 1442 1043 1503 rel
1070 1441 1305 1524 redemptorem
1335 1445 1374 1505 li·

417 1548 497 1612 tium
513 1568 584 1610 esse
599 1567 663 1609 non
676 1545 763 1623 licet,
774 1555 809 1607 ut
821 1556 915 1607 certae
927 1544 1026 1625 partis
1037 1545 1285 1608 emolumentum
1298 1568 1373 1609 eum

417 1649 505 1731 gravi
520 1647 637 1710 damno
656 1645 837 1726 litigatoris,
853 1654 884 1708 et
905 1644 1042 1728 quadam
1067 1644 1292 1728 deprecatione
1315 1669 1372 1730 pa·

416 1751 562 1814 ciseatur.
607 1746 773 1831 Quicquid
795 1756 900 1809 autem
924 1757 1076 1829 patronus
1093 1747 1276 1827 allegaverit
1291 1770 1373 1832 prae-

416 1864 505 1916 sente
522 1850 663 1927 domino,
676 1849 809 1934 perinde
825 1859 875 1911 est
887 1846 1084 1924 habendum,
1100 1869 1137 1911 ac
1153 1848 1179 1910 si
1195 1851 1373 1932 proferatur

415 1954 590 2029 adomino,
604 1954 665 2016 nisi
690 1974 731 2015 ex
751 1951 939 2026 continenti,
953 1950 988 2013 id
1011 1962 1068 2029 est,
1083 1950 1165 2012 infra
1186 1952 1370 2034 proximum

415 2053 559 2116 triduum
575 2051 815 2116 contradixerit.
861 2052 954 2114 Licet
976 2061 1081 2114 autern
1097 2060 1268 2135 patronum
1284 2054 1371 2117 vinci

415 2154 594 2234 contigerit,
609 2153 643 2215 in
659 2154 748 2214 nullo
771 2153 898 2215 laeditur
920 2154 1003 2216 fama
1023 2152 1102 2236 ejus,
1118 2155 1144 2216 si
1167 2155 1246 2217 nibil
1262 2158 1372 2221 omisit

414 2277 457 2319 ex
480 2254 751 2334 contingentibus,
775 2263 807 2315 et
829 2254 954 2317 clientis
977 2256 1027 2318 sui
1048 2255 1207 2339 justitiam
1233 2257 1371 2322 fideliter

413 2356 500 2420 fovit.
546 2356 622 2417 Non
642 2354 728 2417 enim
748 2355 872 2437 cogitur
892 2357 1084 2440 patrocinari
1106 2357 1284 2422 mendacin.
1329 2362 1366 2424 Si

414 2456 492 2541 quid
515 2477 589 2518 reto
615 2456 756 2519 laesionis
781 2457 872 2519 affert
898 2478 1006 2534 causa,
1026 2457 1059 2519 in
1084 2458 1246 2539 litigantes
1270 2460 1369 2540 cadit,

412 2561 480 2625 sive
495 2560 638 2635 civiliter,
654 2560 717 2623 sivr
732 2560 938 2623 criminaliter
953 2571 1056 2623 actum
1073 2561 1121 2624 sit.
1169 2562 1245 2625 Hoc
1261 2575 1367 2627 autem

412 2662 567 2747 quioquid
590 2663 642 2741 sit,
657 2664 816 2726 sententia
839 2661 1008 2726 diffinitiva
1030 2662 1182 2738 declarat,
1205 2687 1276 2749 quae
1296 2687 1368 2729 reos

413 2763 617 2840 condemnat,
629 2767 677 2827 vel
694 2764 842 2839 absolvit,
856 2774 888 2826 et
903 2762 1061 2826 interdum
1071 2763 1105 2824 in
1121 2764 1210 2849 ipsos
1222 2777 1367 2831 auctores

412 2865 648 2929 consultissime
675 2865 856 2927 acerbitatis
879 2864 1015 2926 effundit
1040 2866 1180 2928 aculeos.
1225 2868 1309 2929 Nam
1331 2878 1369 2931 ut

411 2966 453 3031 de
469 2966 619 3031 civilibus
640 2977 791 3045 taceatur,
806 2968 839 3030 in
860 2967 981 3049 quibus
996 2977 1102 3030 tamen
1119 2976 1168 3030 est
1188 2969 1302 3032 eadem
1317 2970 1365 3032 in-

412 3057 532 3147 uenire,
547 3082 767 3132 accusatorum
784 3068 945 3132 temeritas
961 3068 1062 3132 tribus
1077 3068 1181 3132 modis
1197 3069 1367 3153 detegitur,

411 3170 577 3254 tribusque
593 3170 759 3253 subjicitur
772 3170 887 3254 poenis.
932 3172 999 3233 Aut
1013 3171 1100 3234 enim
1121 3169 1367 3251 calumniantur,

411 3283 468 3335 aut
497 3271 749 3356 praevaricantur,
779 3284 834 3335 aut
863 3272 1117 3353 tergiversantur.
1167 3274 1229 3336 Est
1259 3285 1365 3338 autem

411 3374 611 3452 calumniari,
639 3374 773 3437 crimina
807 3375 886 3436 salsa
915 3373 1091 3437 intendere.
1146 3376 1364 3453 Praeraricari,

411 3498 486 3540 vera
507 3475 712 3541 abscondere.
757 3478 800 3539 At
821 3476 856 3538 in
879 3476 1059 3539 universum
1088 3479 1127 3540 ab
1159 3480 1365 3543 accusatione

412 3576 576 3657 desistere,
599 3578 794 3659 tergiversari
821 3586 880 3641 est.
926 3578 990 3642 Sed
1012 3581 1082 3660 lege
1105 3580 1220 3643 Remia
1245 3583 1367 3643 calum-

411 3675 537 3737 niantes
558 3677 599 3738 ad
622 3676 794 3739 vindictam
810 3678 916 3758 poscit
937 3678 1113 3740 similitudo
1134 3679 1296 3758 supplicii,
1319 3679 1364 3740 ita

410 3788 515 3840 tamen
532 3785 567 3836 ut
580 3786 751 3857 postquam
764 3798 836 3838 reus
851 3776 1016 3838 absolutus
1031 3777 1124 3838 suerit
1139 3796 1235 3857 quum
1253 3775 1293 3835 de
1310 3795 1363 3837 ac-

408 3875 566 3942 cusatoris
581 3874 714 3936 consilio
737 3887 768 3936 et
783 3887 888 3937 mente
904 3876 1092 3946 constiterit,
1109 3876 1135 3935 si
1152 3875 1242 3957 justo
1259 3896 1361 3942 errore

309 3999 313 4008 ⁴
408 3982 519 4063 lapsus
539 3987 596 4053 est,
611 3975 803 4048 absolvatur.
850 3970 884 4037 Si
900 3995 973 4037 vero
995 3974 1029 4036 in
1045 3976 1184 4038 evidenti
1199 3978 1362 4044 calumnia

408 4078 625 4162 deprehensus
640 4087 699 4150 est,
715 4097 812 4161 poena
826 4075 969 4159 legitima
984 4076 1226 4141 condemnetur.
1264 4083 1361 4153 Quod

408 4182 511 4265 ipsius
532 4179 808 4263 pronunciationis
829 4179 1051 4244 manifestatur
1073 4184 1179 4245 verbo.
1225 4183 1310 4246 Nam
1334 4186 1362 4246 si

408 4283 652 4368 pronunciatum
674 4293 733 4362 est,
755 4306 818 4347 non
839 4283 993 4368 probasti,
1007 4285 1152 4368 pepercit
1169 4287 1278 4349 actori.
1325 4286 1360 4348 Si
