3384 5234
369 669 432 727 sla
624 678 761 725 scaurus
780 678 1058 725 sanesanareasrs
1193 663 1277 737 [nra.
1294 680 1326 724 v.

374 835 533 911 amicitiae,
567 834 668 896 amico
702 832 862 896 interdum
900 832 1061 895 dilationis
1085 832 1217 913 gratiam
1240 832 1328 896 facit.

375 937 449 998 Hoc
477 945 582 997 tamen
608 936 713 1017 ipsum
739 954 821 1013 raro,
846 945 878 997 et
899 954 964 996 non
988 934 1050 996 uisi
1066 955 1164 997 causa
1187 936 1328 1015 cognita.

376 1037 474 1099 Porro
499 1035 576 1098 dum
601 1056 699 1098 causa
721 1056 843 1117 anceps
867 1046 927 1112 est,
952 1034 1063 1098 dilatio
1092 1036 1278 1119 protelatur,
1302 1036 1331 1098 si

378 1158 442 1199 non
469 1136 693 1214 contentionis,
719 1138 831 1199 saltem
859 1136 1040 1200 decisionis.
1098 1138 1182 1200 Nam
1203 1136 1333 1220 judicia

375 1224 538 1309 festinata,
572 1238 792 1321 poenitentiam
824 1238 964 1321 pariunt.
1021 1235 1119 1300 Unde
1148 1247 1180 1301 et
1212 1238 1334 1315 Graeci,

382 1360 479 1423 quum
508 1350 661 1420 urgentur
686 1337 726 1401 ad
753 1338 943 1400 sententiam
969 1353 1141 1421 antequam
1167 1336 1207 1401 de
1237 1358 1336 1401 causa

382 1442 514 1525 liqueat,
528 1440 724 1524 respondent
746 1452 853 1523 patres
877 1462 953 1503 suos
976 1441 1077 1502 solem
1100 1439 1186 1523 apud
1210 1440 1334 1523 antipo-

386 1542 443 1605 des
467 1562 531 1605 non
554 1542 693 1618 vidisse3
723 1542 781 1605 sed
803 1552 992 1624 expectasse
1017 1564 1152 1627 semper,
1176 1541 1279 1605 donec
1306 1554 1340 1605 et

385 1642 465 1725 ipsis
482 1643 622 1705 oriretur.
669 1642 794 1706 Dicunt
813 1641 899 1704 enim
919 1662 1159 1725 praeproperum
1180 1663 1250 1705 esse
1270 1642 1338 1705 via·

386 1756 498 1822 torem,
526 1746 580 1827 qui
606 1754 775 1826 antequam
801 1743 914 1806 lucifer
940 1745 1067 1819 oriatur,
1090 1744 1205 1806 crassis
1230 1743 1339 1806 adhuc

387 1846 537 1924 tenebris,
562 1847 699 1930 luceque
725 1857 857 1921 remota,
883 1844 1011 1909 diaetam
1038 1842 1228 1926 aggreditur.
1274 1844 1340 1907 Sed

388 1970 447 2011 nec
455 1948 599 2031 judicem
612 1958 727 2011 terreat
739 1948 1097 2029 auctoritasligatorum,
1107 1968 1205 2030 quum
1218 1946 1340 2028 Pytha·

389 2070 474 2130 gorae
503 2050 537 2111 in
561 2050 783 2129 longissimum
807 2060 935 2131 tempus
961 2050 1002 2112 sit
1031 2048 1132 2112 dilata
1161 2048 1282 2131 petitio,
1309 2060 1343 2112 et

390 2147 565 2212 Alexandri
580 2148 772 2211 Macedonis
797 2151 830 2210 in
857 2150 1012 2212 castrensi
1030 2149 1157 2233 judicio
1180 2151 1223 2213 sit
1244 2171 1345 2214 causa

391 2247 548 2310 damnata.
594 2245 690 2318 Quod
711 2258 743 2309 et
766 2249 819 2310 ille
843 2260 1012 2332 acceptum
1034 2250 1158 2328 habuit,
1174 2249 1345 2335 judicibus

391 2369 490 2430 agens
505 2349 647 2429 gratiam,
662 2370 798 2433 quorum
813 2350 847 2412 in
864 2371 903 2414 eo
925 2351 1022 2415 fidem
1038 2354 1235 2435 probaverat,
1255 2353 1348 2436 quod

387 2450 545 2535 justitiam
572 2448 659 2514 omni
683 2452 863 2535 potentatui
886 2454 1103 2535 praeferebant.
1149 2454 1239 2518 Nihil
1270 2476 1346 2517 vero

393 2552 579 2637 praeclarius
599 2551 639 2617 de
661 2553 846 2618 Alexandro
869 2555 936 2631 illo,
958 2577 1050 2638 quem
1076 2556 1208 2639 publica
1232 2557 1347 2639 opinio

394 2675 547 2734 magnum
561 2655 686 2733 asserit,
711 2656 743 2717 in
770 2656 879 2738 aliqua
900 2656 1033 2719 historia
1055 2676 1128 2718 meo
1148 2655 1274 2739 judicio
1298 2676 1350 2719 re·

396 2756 476 2840 peri.
520 2755 606 2817 Mihi
632 2755 761 2838 quidem
787 2776 922 2838 semper,
945 2766 980 2818 ut
1003 2766 1108 2818 tamen
1133 2776 1214 2839 pace
1237 2777 1348 2819 eorum

397 2859 522 2938 loquar,
552 2856 607 2939 qui
636 2857 845 2919 temeritatem
874 2856 982 2919 virtuti
1018 2858 1201 2940 praesenmt,
1232 2857 1352 2921 ditissi-

398 2980 451 3023 mo
470 2958 655 3022 Alexandro
676 2980 798 3043 pauper
815 2959 1012 3042 Pythagoras
1031 2960 1133 3044 major
1147 2960 1217 3023 erit.
1255 2959 1353 3033 Quod

400 3073 435 3125 ut
459 3080 587 3123 mecum
608 3058 775 3143 conjicias,
801 3061 1008 3123 collationem
1030 3060 1175 3144 Philippi
1198 3071 1231 3124 et
1251 3062 1352 3123 Alex·

401 3162 504 3239 andri,
533 3162 639 3243 Trogo
674 3161 842 3244 Pompeio,
873 3163 924 3224 vel
952 3163 1081 3226 lustino
1111 3162 1353 3245 compendiario

403 3265 483 3350 ejus,
498 3263 526 3327 si
545 3264 658 3340 mavis,
673 3275 813 3343 auctore,
827 3266 1036 3328 revolvamus.
1081 3266 1136 3329 Ait
1159 3286 1252 3346 ergo:
1277 3264 1355 3326 Fuit

403 3368 572 3451 Philippus
608 3387 675 3445 rex,
713 3387 871 3431 armorum
907 3388 1002 3450 quam
1040 3368 1256 3432 conviviorum
1287 3377 1355 3429 stu-

405 3469 536 3542 diosior,
561 3469 612 3532 cui
627 3469 778 3532 maximae
803 3489 882 3553 opes
908 3478 998 3534 erant
1019 3470 1231 3534 instrumenta
1254 3468 1358 3531 bello-

406 3593 486 3645 rum,
512 3570 693 3634 divitiamm
720 3580 870 3655 quaestus,
902 3593 996 3654 quam
1027 3571 1174 3635 custodia
1201 3569 1358 3633 solertior.

406 3673 521 3753 Itaque
536 3672 619 3733 inter
639 3672 841 3755 quotidianas
856 3674 997 3755 rapinas,
1017 3694 1145 3755 semper
1158 3672 1253 3750 inops
1268 3680 1360 3747 erat3

406 3769 626 3833 misericordia
654 3771 687 3831 in
714 3792 752 3832 eo
787 3783 818 3833 et
855 3771 1000 3852 perfidia,
1030 3772 1099 3852 pari
1119 3770 1191 3852 jure
1220 3767 1357 3834 dilectae.

405 3867 503 3952 Apud
517 3886 590 3929 eum
617 3867 703 3929 nulla
726 3868 806 3929 ratio
832 3866 980 3929 vincendi
1004 3868 1115 3949 turpis,
1140 3864 1277 3929 blandus
1301 3888 1358 3951 pa·

405 3971 478 4033 riter
503 3976 535 4031 et
560 3963 732 4028 insidiosus
769 3966 921 4049 alloquio,
948 3966 1005 4048 qui
1030 3967 1122 4048 plura
1151 3966 1361 4050 promitteret,

407 4092 502 4155 quam
517 4075 691 4153 praestaret.
737 4070 776 4132 In
793 4069 874 4132 seria
889 4077 922 4133 et
937 4068 1033 4150 jocos
1057 4069 1183 4148 artifex,
1203 4068 1360 4133 amicitias

407 4170 554 4249 utilitate,
592 4190 658 4233 non
696 4167 760 4234 fide
799 4171 936 4235 colebat.
996 4172 1140 4235 Gratiam
1171 4171 1292 4253 fingere
1325 4169 1360 4233 iu

410 4272 496 4351 odio,
510 4273 664 4342 instruere
681 4270 763 4336 inter
778 4271 1009 4339 concordantes
1024 4272 1110 4351 odia,
1133 4270 1219 4355 apud
1241 4280 1361 4332 utrum·
