3384 5234
384 706 457 751 cre.
475 691 561 769 xm]
749 704 1001 751 rorrcmrrcus.

490 857 563 919 Quid
573 860 684 919 tanturn,
698 856 821 919 Gradive,
833 856 926 925 paras?
945 871 1006 906 nam
1017 854 1088 905 mitis
1097 854 1126 904 in
1136 853 1190 905 ulto

489 940 590 1012 Jupiter
602 956 693 992 occasu
704 941 836 1009 premitur,
849 938 1013 1006 Venerisque
1026 936 1129 990 salubre

490 1028 567 1080 Sidus
578 1028 667 1090 habet,
679 1033 802 1095 motuque
815 1025 885 1078 celer
898 1024 1033 1093 Cyllenius
1045 1025 1145 1088 haeret3

486 1112 522 1164 ut
533 1111 628 1165 coelum
640 1112 715 1163 Mars
727 1110 798 1163 solus
809 1110 900 1163 habet.
920 1110 974 1163 Cur
988 1110 1063 1178 signa
1074 1115 1177 1163 meatus

486 1196 632 1249 Deseruere
644 1213 713 1259 suos,
727 1194 873 1263 mundoque
886 1195 994 1247 obscura
1005 1193 1133 1248 feruntur:

486 1278 601 1332 Ensiferi
611 1278 719 1330 nimium
730 1276 816 1345 fulget
826 1277 896 1330 latus
907 1278 1034 1330 Orionis?

485 1364 609 1416 Imminet
620 1381 748 1416 armorum
759 1363 855 1426 rahier,
866 1361 978 1430 ferrique
989 1367 1116 1434 potestas,

487 1448 635 1501 Confundet
642 1450 686 1520 jus
699 1466 775 1501 omne
785 1465 879 1499 manu:
898 1447 1038 1517 scelerique
1049 1447 1170 1512 nefando,

487 1533 593 1585 Nomen
606 1534 655 1585 erit
665 1534 752 1597 virtus,
763 1532 910 1602 multosque
922 1534 1006 1586 exibit
1016 1535 1043 1585 in
1054 1552 1144 1589 annos.

380 1640 466 1701 Ecce
480 1659 520 1700 ex
536 1634 690 1721 qualitate
706 1634 923 1714 Planetarum,
938 1648 971 1699 et
986 1636 1141 1720 positione
1156 1637 1328 1721 signorum,

379 1746 412 1799 et
435 1757 587 1799 concursu
610 1756 788 1813 causarum,
808 1757 906 1819 quam
929 1736 1116 1800 manifestus
1137 1736 1213 1800 belli
1234 1740 1333 1803 inevi-

379 1837 487 1902 tabilis
509 1852 660 1922 sequatur
683 1851 826 1901 eventus.
875 1842 947 1902 Hoc
968 1838 1084 1902 etenim
1109 1840 1149 1902 ad
1170 1840 1247 1904 artis
1267 1855 1331 1914 tra,-

377 1937 530 2002 ditionem
546 1938 720 2023 plurimum
737 1949 870 2023 spectat,
888 1951 923 2001 ut
939 1938 978 2001 de
994 1940 1131 2002 naturali
1149 1939 1196 2002 vel
1213 1941 1330 2005 causali

376 2052 497 2104 constet
513 2039 674 2103 domicilio
690 2038 905 2105 Planetarum.
944 2041 1062 2104 Omnes
1077 2040 1233 2127 siquidem
1250 2066 1330 2127 prae-

378 2155 425 2205 ter
441 2141 546 2207 Solem
566 2155 599 2204 et
623 2141 762 2221 Lunam,
777 2141 833 2225 qui
858 2140 915 2205 soli
934 2141 1066 2228 singulis
1082 2144 1220 2207 contenti
1243 2157 1328 2225 sunt,

375 2244 502 2309 duobus
523 2242 691 2307 domiciliis
713 2242 867 2328 gaudent,
890 2242 1029 2307 naturali
1052 2242 1169 2309 scilicet
1192 2259 1224 2310 et
1250 2247 1329 2310 acci-

375 2344 504 2407 dentali.
550 2341 706 2406 Naturale
723 2342 854 2428 quidem
875 2342 991 2429 cuique
1012 2344 1207 2408 domicilium
1222 2360 1281 2427 est,
1296 2350 1328 2411 in

374 2468 441 2529 quo
465 2445 603 2530 quisque
633 2443 801 2509 creationis
832 2467 897 2507 suae
924 2446 1117 2530 principium
1149 2447 1274 2523 habuit,
1302 2448 1328 2512 si

375 2559 478 2610 tamen
494 2544 684 2630 genethliaci
701 2545 901 2610 consentiunt
918 2569 971 2609 eos
990 2570 1009 2608 a
1025 2550 1165 2611 Domino
1180 2571 1246 2611 esse
1261 2573 1327 2613 cre-

373 2659 452 2712 atos.
497 2650 599 2711 Lunae
619 2668 696 2729 ergo
715 2645 911 2709 domicilium
934 2648 1054 2710 Cancer
1076 2663 1133 2721 est,
1152 2651 1216 2710 Leo
1233 2649 1325 2723 Solis,

373 2748 529 2810 Mercurii
552 2748 663 2832 Virgo,
686 2746 782 2810 Libra
802 2747 945 2825 Veneris,
967 2748 1097 2833 Scorpio
1119 2749 1247 2826 MartiS,
1271 2751 1326 2813 Sa-

373 2848 521 2933 gittarius
543 2849 648 2925 Jovis,
665 2849 795 2914 Saturni
820 2850 1047 2935 Capricornus
1062 2862 1095 2914 et
1118 2850 1177 2914 hoc
1198 2865 1325 2915 natura-

372 2949 454 3014 liter.
494 2950 670 3014 Casualiter
685 2974 760 3014 vero
777 2954 916 3015 Saturno
931 2952 1015 3016 cedit
1030 2952 1201 3038 Aquarius
1220 2954 1326 3019 Pisces

372 3051 461 3128 Jovi‚
477 3052 558 3115 aries
574 3052 685 3128 Marti,
701 3052 816 3116 Veneri
834 3054 974 3128 Taurus,
990 3053 1021 3114 in
1038 3054 1192 3116 Mercurii
1208 3067 1324 3118 sortem

372 3153 491 3237 gemini
506 3153 642 3217 cedunt:
683 3154 777 3218 Luna
792 3175 869 3216 vero
885 3154 1051 3216 commoda
1065 3166 1125 3230 est,
1139 3177 1237 3239 quam
1253 3179 1326 3219 cum

371 3253 443 3319 aliis
466 3254 574 3330 stellis,
598 3254 752 3341 quicquid
776 3255 821 3318 illi
847 3254 1001 3339 garriant,
1027 3256 1146 3318 creavit
1173 3260 1263 3321 Deus
1289 3272 1325 3323 ut

372 3371 522 3442 praeesset
536 3362 631 3423 nocti.
678 3358 765 3435 Quid
787 3358 869 3421 enim
894 3359 935 3423 de
956 3361 1028 3422 Sole
1051 3357 1154 3422 dicam
1176 3360 1233 3444 qui
1256 3360 1326 3426 dux

372 3471 404 3522 et
423 3459 569 3545 princeps
588 3473 645 3537 est,
663 3472 695 3524 et
716 3459 900 3524 moderator
922 3461 1078 3525 luminum
1099 3460 1322 3547 reliquorum?

370 3583 444 3623 eum
472 3561 583 3646 utique
608 3561 855 3625 reclamantibus
880 3562 1031 3626 omnibus
1057 3562 1106 3625 his
1128 3562 1322 3647 planetariis,

370 3684 433 3725 non
451 3662 546 3727 timeo
568 3664 687 3726 bonum
704 3675 736 3726 et
751 3663 961 3727 necessarium
977 3663 1139 3749 profiteri:
1172 3689 1272 3750 quum
1292 3679 1324 3731 et

368 3763 451 3826 diem
477 3763 661 3827 videntibus
687 3763 809 3827 cunctis
837 3762 988 3837 illustret,
1016 3775 1171 3848 temperet
1200 3767 1320 3842 orbem,

367 3865 441 3928 anni
469 3877 612 3951 tempora
635 3864 769 3939 dividat,
795 3863 927 3928 inducat
949 3885 1053 3927 rerum
1079 3864 1322 3945 vicissitudines,

368 3980 399 4031 et
415 3968 477 4031 alia
490 3968 640 4053 plurima,
655 3991 729 4052 quae
745 3989 829 4030 nunc
844 3966 976 4051 longum
993 3980 1039 4031 est
1056 3988 1211 4032 enarrare.
1258 3970 1320 4033 Sed

368 4068 440 4134 licet
461 4071 636 4134 multarum
656 4069 832 4134 utilitatum
854 4069 886 4131 in
908 4092 946 4132 eo
966 4082 998 4132 et
1021 4068 1053 4132 in
1075 4069 1200 4132 caeteris
1220 4092 1322 4135 causae

367 4170 535 4249 resideant,
551 4172 691 4256 ipsorum
714 4184 820 4235 tamen
840 4184 872 4234 et
888 4170 1031 4234 omnium
1047 4192 1121 4254 quae
1135 4183 1221 4234 recte
1236 4185 1321 4250 sunt,

368 4294 432 4337 uua
446 4287 492 4339 est
508 4286 539 4338 et
560 4273 664 4359 prima
685 4296 788 4350 causa,
806 4296 881 4358 quae
905 4272 1062 4335 mundum
1082 4271 1157 4334 fecit
1182 4273 1318 4356 propriae
