3384 5234
298 682 449 762 canan]
670 674 926 744 eoarcnamcus.
1187 689 1249 747 307

296 850 421 917 rationi.
469 848 517 916 Ut
532 851 678 916 enimait
693 850 878 936 Sapientia:
909 854 994 924 Quae
1007 852 1251 917 communicatio

294 965 402 1016 sancto
417 952 538 1017 homini
553 952 595 1017 ad
610 975 731 1032 canem,
746 963 803 1016 aut
819 951 884 1016 luci
897 951 940 1017 ad
956 953 1123 1016 tenebras?
1147 954 1248 1017 Omne

291 1054 406 1119 animal
428 1055 536 1141 diligit
559 1055 619 1119 sibi
641 1052 755 1133 simile,
771 1071 804 1119 et
825 1052 927 1116 omnis
951 1054 1046 1117 homo
1065 1055 1247 1139 proximum

293 1178 400 1223 suum.
448 1156 559 1221 Omnis
579 1180 653 1221 caro
674 1157 716 1221 ad
736 1156 869 1220 similem
893 1155 952 1219 sibi
976 1158 1193 1243 conjungitur,
1215 1171 1247 1222 et

291 1259 395 1323 omnis
421 1259 516 1323 homo
542 1259 713 1324 sociabitur
739 1257 832 1322 simili
860 1257 931 1321 sibi.
983 1259 1017 1323 Si
1044 1258 1140 1344 lupus
1166 1283 1249 1344 agno

296 1357 470 1445 aliquando
486 1360 744 1439 communicavit,
759 1360 804 1422 sic
819 1371 966 1443 peccator
976 1358 1076 1442 justo.

294 1554 373 1641 Cap.
394 1560 442 1619 ll.
470 1556 656 1634 Damalis,
680 1555 828 1629 caribus,
851 1563 883 1619 at
906 1556 1021 1637 lingua
1041 1563 1248 1638 potestatum,

337 1664 370 1720 et
398 1658 439 1721 de
466 1660 564 1746 officio
592 1659 751 1740 prasidio,
781 1668 812 1722 et
843 1660 928 1739 quod
956 1661 1099 1739 judicem
1129 1667 1250 1741 oportet

337 1760 451 1824 trabere
462 1763 555 1841 juris
576 1768 607 1825 at
628 1762 712 1842 aqui
727 1763 890 1834 notitiam,
906 1764 1098 1826 voluntatem
1114 1763 1198 1841 boni,
1220 1771 1251 1825 ct

335 1868 522 1943 potestatam
537 1862 724 1944 erocqaeadi,
740 1872 772 1926 at
786 1864 872 1944 quod
880 1866 1070 1947 juramento
1084 1865 1171 1928 debet
1185 1887 1252 1929 asse

339 1966 498 2045 allegatus
507 1966 641 2045 legibus,
655 1974 687 2028 at
702 1987 724 2030 a
739 1966 883 2039 sordibus
898 1982 1067 2039 muncrum
1082 1969 1220 2031 alienas.
1242 2010 1244 2017 ·

341 2091 516 2161 Snomrna
538 2089 716 2166 oculorum,
740 2090 875 2171 aurium,
898 2102 929 2155 et
956 2091 1087 2175 linguae,
1109 2092 1249 2170 collatio,

296 2214 393 2277 quam
407 2192 441 2255 in
457 2191 649 2279 praesidibus
667 2192 902 2278 provinciarum
918 2195 1088 2258 consistere
1104 2196 1250 2279 superius

296 2292 418 2359 dictum
433 2306 490 2358 est.
536 2296 661 2359 Praeses
675 2296 777 2381 igitur
792 2307 840 2359 est
857 2297 913 2381 qui
935 2299 965 2359 in
983 2296 1061 2380 jure
1076 2296 1251 2372 reddendo,
1266 2327 1268 2331 >

253 2393 255 2395 ’
295 2395 541 2480 provincialibus
564 2395 726 2481 praesidet.
772 2396 836 2459 Hic
858 2409 964 2460 autem
983 2396 1068 2482 aequi
1090 2409 1122 2460 et
1146 2398 1252 2482 iniqui

296 2494 391 2559 deb‘et
422 2496 539 2560 habere
568 2495 728 2569 notitiam,
759 2508 790 2557 et
819 2495 1031 2586 facultatem„
1048 2508 1080 2559 et
1109 2500 1250 2560 animum

296 2596 377 2680 ejus,
392 2595 479 2681 quod
491 2598 617 2680 justum
634 2605 693 2669 est,
708 2593 899 2676 exequendi.
937 2594 1019 2656 Nam
1036 2594 1117 2657 sicut
1130 2595 1252 2659 medico

295 2709 429 2761 eventus
449 2694 652 2759 mortalitatis
673 2695 826 2780 imputari
847 2717 909 2757 non
931 2695 1038 2773 debet,
1058 2695 1104 2759 ita
1124 2696 1148 2759 si
1171 2696 1251 2781 quid

297 2797 388 2860 triste
411 2818 468 2880 per
488 2794 681 2881 imperitiam
703 2796 773 2881 ejus
795 2796 976 2881 contigerit,
998 2795 1027 2858 ei
1053 2795 1166 2859 merito
1190 2797 1250 2859 im-

297 2908 442 2983 putatur.
489 2897 583 2974 Quod
607 2900 635 2961 si
655 2897 756 2977 novit,
775 2909 808 2961 et
824 2917 891 2960 non
912 2897 993 2976 vult,
1012 2920 1074 2962 non
1096 2921 1137 2961 ex
1159 2898 1250 2982 igno-

298 2998 414 3077 rantia,
429 2998 484 3062 sed
500 3022 540 3063 ex
558 2998 683 3063 malitia
701 2998 952 3064 condemnatus>¹
985 3000 1074 3063 Finis
1093 2999 1251 3086 siquidem

298 3101 466 3182 utriusque
481 3102 644 3167 damnatio
655 3114 717 3167 est:
740 3102 813 3166 licet
827 3102 929 3187 ignari
942 3101 1052 3166 mitius
1065 3103 1250 3188 puniantur,

297 3204 359 3269 nisi
375 3204 458 3268 forte
472 3204 682 3289 ignorantiam
696 3203 890 3289 negligentia
901 3205 1128 3290 procuraverit.
1153 3208 1250 3268 Nam

299 3306 326 3372 si
349 3306 529 3393 ignorantia
550 3306 739 3370 invincibilis
762 3320 819 3383 est,
836 3329 900 3370 non
922 3307 1014 3371 affert
1034 3320 1179 3384 mortem,
1196 3307 1250 3371 sed

298 3408 339 3471 ab
361 3406 477 3471 innatis
498 3407 636 3471 tenebris
656 3424 840 3472 excusatur.
888 3408 922 3470 Si
942 3430 1015 3470 vero
1033 3408 1103 3483 scit,
1126 3421 1158 3472 et
1179 3407 1250 3471 vult

299 3507 447 3593 aequitati
473 3507 602 3583 servire,
625 3530 683 3570 nec
708 3520 825 3592 potest,
851 3530 913 3570 non
941 3521 1004 3572 tarn
1032 3508 1177 3593 praesidis
1196 3524 1250 3573 est

297 3608 404 3695 culpa,
431 3631 527 3695 quam
556 3609 718 3695 principis.
765 3609 826 3673 Sed
853 3609 893 3672 ad
924 3609 1108 3694 religionem
1132 3609 1251 3697 judicis

297 3709 367 3773 haec
388 3710 498 3773 eadem
522 3712 690 3796 pertinere,
705 3711 915 3775 certissimum
936 3725 995 3792 est,
1018 3735 1117 3797 quum
1144 3712 1249 3796 ipsum

292 3812 376 3897 juris
390 3824 537 3898 oporteat
552 3812 669 3876 habere
683 3813 842 3889 notitiam,
859 3814 1055 3879 voluntatem
1067 3815 1154 3895 boni,
1170 3815 1251 3878 vires

297 3913 488 4000 exequendi,
514 3927 546 3979 et
572 3928 767 3979 sacramento
793 3914 908 3980 debeat
933 3938 1000 3979 esse
1023 3915 1145 4001 legibus
1170 3915 1250 3979 obli-

297 4029 411 4101 gatus3
444 4031 480 4081 ut
507 4016 567 4081 sibi
590 4018 719 4082 omnino
744 4016 890 4082 illicitum
915 4017 1051 4096 noverit,
1073 4018 1114 4080 ab
1138 4040 1247 4081 earum

299 4118 477 4183 sinceritate
492 4118 658 4182 divertere.
690 4120 774 4182 Nam
787 4118 827 4181 de
838 4118 993 4204 sapientia
1007 4120 1086 4204 ejus,
1097 4119 1251 4203 sapientia

301 4217 405 4283 docet.
461 4219 585 4299 Judex,
612 4220 719 4307 inquit
749 4220 886 4305 sapienS,
911 4219 1071 4305 judicabit
1095 4219 1252 4306 populum

302 4341 407 4399 suum,
422 4333 452 4384 et
469 4321 666 4405 principatus
682 4321 800 4386 sensati
816 4321 938 4386 stabilis
953 4325 1021 4386 erit.
1069 4322 1250 4387 Secundum

769 4429 828 4485 Η
