3384 5234
531 1092 726 1160 roannrs
748 1092 1138 1158 sannsnnarnnsrs

449 1270 1228 1370 POLYCRATICUS‚

806 1458 875 1497 ml

366 1611 410 1660 ΒΕ
435 1609 537 1661 NUGlS
559 1608 745 1661 nummum
771 1606 813 1659 ΕΤ
837 1603 1001 1657 vasr1ons
1025 1602 1317 1657 ambosorrroaurt

667 2032 811 2097 LIBER
831 2031 1020 2096 PRIMUS.

753 2232 937 2279 reomaus.

407 2354 428 2418 J
431 2368 678 2418 ocurrnrssrrros
695 2370 792 2433 quum
807 2350 841 2413 in
857 2350 977 2429 multis,
990 2358 1057 2414 tum
1072 2350 1107 2414 in
1122 2373 1162 2417 eo
1177 2353 1318 2420 maxime

367 2466 415 2518 est
441 2454 606 2517 literarum
631 2453 764 2529 fnrctus,
787 2450 876 2535 qnod
906 2451 1050 2515 omnium
1078 2452 1320 2521 interstitiorum

369 2555 434 2619 loci
462 2565 495 2618 et
522 2553 677 2637 temporis
706 2553 839 2617 exclusa
867 2551 1026 2630 molestia,
1055 2553 1229 2618 amicorum
1257 2556 1322 2621 sibi

371 2654 506 2719 invicem
533 2654 734 2737 praesentiam
764 2653 931 2732 exhibent,
955 2664 986 2716 et
1014 2674 1064 2717 res
1090 2656 1172 2718 scitu
1197 2656 1323 2739 dignas,

368 2757 431 2820 situ
446 2756 566 2821 aboleri
586 2776 651 2818 non
671 2754 844 2839 patiuntur.
890 2756 974 2818 Nam
996 2766 1029 2818 et
1048 2765 1131 2820 artes
1151 2758 1322 2840 perierant,

368 2868 561 2922 evanuerant
576 2856 660 2941 jura,
675 2855 752 2920 fidei
767 2866 800 2921 et
814 2856 915 2922 totius
933 2857 1099 2939 religionis
1113 2858 1220 2922 officia
1234 2880 1321 2942 qure-

370 2979 432 3042 que
447 2968 640 3032 corruerant,
654 2950 791 3041 ipseque
814 2958 893 3022 recti
916 2957 1078 3021 deleuerat
1096 2979 1174 3022 usus
1190 2962 1321 3044 eloquii,

370 3059 430 3121 nisi
455 3059 489 3122 in
512 3058 689 3122 remedium
714 3059 956 3122 infirmitatibus
978 3059 1139 3138 humane,
1160 3061 1321 3126 literarum

370 3183 461 3225 usum
475 3162 665 3225 mortalibus
684 3161 795 3225 divina
815 3160 977 3224 miseratio
997 3174 1207 3245 procurasset
1251 3165 1323 3229 Ex·

370 3265 475 3347 empla
503 3261 670 3347 majorum,
699 3285 771 3347 quae
797 3272 873 3327 sunt
895 3262 1104 3326 incitamenta
1128 3273 1160 3327 et
1183 3265 1325 3333 lomento

371 3363 503 3439 virtutis,
517 3366 639 3429 nullum
661 3365 793 3428 omnino
813 3363 972 3446 erigerent
990 3375 1045 3427 aut
1066 3375 1238 3446 servarent,
1259 3368 1324 3432 nisi

370 3466 425 3548 pia
452 3465 637 3530 sollicitudo
661 3467 864 3551 scriptorum,
889 3475 922 3530 et
946 3466 1172 3550 triumphatrix
1200 3468 1322 3535 inertiae

371 3565 545 3649 diligentia,
561 3565 675 3631 eadem
686 3566 727 3629 ad
738 3575 883 3650 posteros
897 3565 1133 3630 transmisisset.
1157 3567 1322 3653 Siquidem

371 3666 436 3731 rita
449 3668 564 3745 brevis,
579 3689 692 3731 sensus
712 3667 822 3746 hebes,
842 3666 1047 3748 negligentia
1068 3676 1188 3752 torpor,
1201 3670 1324 3736 inutilis

371 3768 555 3852 occupatio,
575 3790 636 3832 nos
658 3771 799 3853 paucula
819 3770 901 3832 scire
922 3768 1128 3851 permittunt:
1160 3782 1192 3834 et
1211 3773 1324 3837 eadem

364 3868 486 3954 jugiter
500 3866 632 3948 excutit,
643 3881 676 3933 et
687 3870 794 3933 avellit
808 3871 849 3933 ab
866 3870 973 3933 animo
984 3869 1159 3935 fraudatrix
1170 3873 1325 3954 scientim,

370 3967 503 4032 inimica
524 3980 557 4033 et
575 3968 676 4032 infida
697 3990 822 4053 semper
843 3968 1004 4033 memoriae
1023 3991 1174 4049 noverca,
1195 3973 1325 4038 oblivio.

371 4067 454 4140 Quis
489 4068 576 4133 enim
605 4068 809 4132 Alexandros
845 4068 943 4132 sciret
978 4077 1034 4132 aut
1067 4069 1223 4148 cesares,
1254 4075 1326 4159 quis

372 4168 501 4231 Stoicos
509 4178 565 4232 ant
576 4168 808 4251 Peripateticos
817 4168 991 4245 miraretur,
999 4168 1061 4230 nisi
1073 4189 1128 4232 eos
1137 4169 1328 4251 insignirent

371 4281 582 4335 monumenta
602 4268 815 4354 scriptorum?
855 4269 937 4342 Quis
951 4270 1178 4351 Apostolorum
1197 4281 1229 4335 et
1250 4274 1326 4337 Pro·

372 4369 541 4453 phetarum
568 4371 785 4456 amplexanda
810 4372 987 4436 imitaretur
1010 4370 1155 4452 vestigia,
1180 4371 1241 4434 nisi
1271 4394 1327 4438 eos
