3384 5234
668 706 805 751 rolucus
821 703 1098 751 ssunsnuxrausrs
1224 684 1307 769 [nra.
1325 708 1360 751 11.

503 978 582 1061 Cap.
602 983 650 1041 17.
675 977 909 1058 confectorum
923 998 986 1043 noa
999 999 1064 1043 ease
1077 980 1276 1061 sequendum.

459 1150 527 1213 Suu
548 1145 625 1212 dum
640 1147 698 1211 has
719 1147 935 1233 conjectorum
957 1148 1142 1214 traditiones
1164 1152 1364 1233 exequimur,

415 1271 524 1313 vereor
545 1271 586 1313 no
600 1248 715 1312 merito
737 1270 800 1312 non
822 1261 887 1313 tam
907 1250 1130 1336 conjectoriam
1152 1249 1269 1337 exequi
1291 1273 1365 1335 quae

414 1364 471 1415 aut
494 1350 592 1426 nulla,
609 1363 666 1415 aut
685 1350 787 1414 inanis
804 1373 855 1416 ars
875 1365 933 1432 est,
954 1375 1049 1437 quam
1068 1353 1239 1417 dormitare
1262 1352 1367 1415 videa-

414 1478 498 1519 mur.
543 1454 698 1540 Quisquis
712 1455 795 1518 enim
812 1454 1005 1520 somniorum
1025 1458 1170 1542 sequitur
1184 1456 1368 1532 vanitatem,

415 1579 528 1644 parum
544 1554 576 1621 in
591 1555 662 1642 lege
678 1556 740 1619 Dei
755 1554 891 1641 vigilans
905 1570 964 1635 est,
980 1571 1012 1623 et
1032 1556 1110 1621 dum
1124 1558 1198 1622 fidei
1214 1556 1290 1621 facit
1305 1555 1369 1620 dis-

416 1658 580 1745 pendium,
602 1657 866 1744 perniciosissime
888 1660 1015 1724 dormit.
1061 1660 1186 1725 Veritas
1211 1659 1370 1745 siquidem

417 1762 458 1825 ab
473 1785 510 1825 eo
526 1761 618 1845 longe
630 1760 714 1825 facta
729 1774 789 1841 est,
797 1784 855 1826 nec
870 1784 938 1824 eam
956 1775 1019 1826 tam
1032 1762 1125 1826 facile
1139 1775 1245 1848 potest
1257 1783 1370 1847 appre-

416 1864 565 1943 hendere,
580 1884 675 1948 quam
692 1864 835 1927 urionem
851 1883 1043 1949 expungere,
1058 1864 1107 1927 vel
1123 1877 1244 1949 puncto
1259 1885 1370 1927 curare

417 1965 598 2040 cartineam,
616 1989 689 2049 quae
704 1965 916 2049 caligantibus
936 1966 1036 2030 oculis
1050 1966 1082 2028 in
1104 1964 1235 2029 meridie
1251 1966 1371 2050 palpat.

417 2066 463 2126 Et
488 2062 564 2127 licet
588 2061 657 2125 haec
682 2062 889 2126 somnolentia
910 2062 1052 2148 perfidiae
1077 2067 1117 2127 sit
1138 2062 1212 2126 fidei
1233 2063 1371 2127 stimulis

417 2162 596 2240 excitanda,
617 2177 650 2228 et
672 2164 816 2229 maleficii
839 2165 958 2250 potius,
981 2187 1077 2251 quam
1101 2164 1225 2228 artificii
1245 2164 1372 2250 impug-

418 2266 522 2329 nanda
543 2266 661 2346 illusio,
676 2266 794 2331 divinae
816 2279 921 2331 tamen
939 2267 1049 2350 gratiae
1068 2263 1282 2351 dispositionis
1304 2288 1370 2328 suae

419 2391 481 2432 non
502 2367 697 2433 obstruimus
715 2369 793 2444 vias,
810 2392 873 2432 non
892 2368 1119 2455 praecludimus
1139 2370 1275 2441 semitas,
1292 2367 1370 2451 quin

419 2470 550 2557 spiritus
572 2472 629 2537 ubi
645 2471 715 2535 vult
738 2471 847 2558 spiret,
864 2485 896 2536 et
916 2496 973 2558 pro
995 2470 1127 2536 arbitrio
1142 2490 1200 2534 suo
1222 2469 1373 2555 subjectis

418 2573 579 2637 mentibus
601 2572 751 2638 infundat
773 2576 952 2639 veritatem.
996 2577 1116 2639 Verum
1139 2572 1283 2658 quisquis
1304 2594 1371 2634 cre-

420 2672 588 2739 dulitatem
612 2697 700 2738 suam
724 2674 1011 2761 significationibus
1031 2674 1141 2760 alligat
1168 2673 1373 2750 somniorum,

420 2776 550 2863 planum
566 2794 624 2856 est,
639 2777 718 2863 quia
741 2790 804 2841 tam
821 2801 840 2840 a
856 2777 1034 2841 sinceritate
1055 2776 1140 2851 fidei,
1158 2798 1254 2860 quam
1277 2798 1297 2838 a
1312 2788 1375 2839 tra·

420 2877 497 2942 mite
523 2876 654 2941 rationis
678 2877 848 2940 exorbitat.
894 2875 991 2940 Plano
1015 2877 1042 2940 si
1065 2897 1166 2938 sermo
1192 2873 1374 2959 proferatur

419 2980 602 3066 ambiguus,
618 2994 650 3045 et
671 2980 764 3065 cujus
785 2979 896 3044 multae
917 2977 980 3043 sint
1001 2978 1257 3062 significationes,
1270 2998 1374 3041 nonne

420 3083 534 3146 merito
549 3105 663 3168 parum
686 3081 800 3147 doctus
815 3080 990 3161 videbitur,
1005 3080 1152 3167 quisquis
1174 3104 1213 3143 ex
1236 3103 1273 3144 eo
1295 3079 1374 3142 citra

420 3183 643 3249 discussionem
672 3207 820 3248 sensuum
849 3183 908 3248 sibi
935 3183 1056 3269 aliquid
1083 3182 1275 3269 pertinacius
1301 3204 1373 3245 sua·

421 3285 534 3351 debit?
561 3286 711 3351 Profecto
733 3309 839 3350 rerum
862 3290 1005 3349 omnium
1030 3286 1083 3365 (ut
1106 3282 1293 3369 praedictum
1314 3287 1373 3365 est)

420 3387 590 3473 multiplex
605 3400 662 3462 est,
679 3399 709 3450 et
722 3390 811 3450 varia
822 3387 1019 3471 significatio.
1054 3386 1284 3471 Multiplicium
1301 3407 1376 3449 vero

422 3487 584 3551 distinctio
604 3484 740 3571 diligens
762 3487 910 3551 habenda
931 3501 990 3564 est,
1012 3512 1052 3551 ne
1075 3489 1158 3552 sorte
1180 3487 1256 3553 dum
1281 3509 1376 3551 unam

421 3585 607 3670 diligentius
636 3586 787 3673 sequeris,
817 3588 849 3651 in
889 3588 981 3653 aliam
1018 3589 1159 3653 deterius
1192 3589 1376 3675 prolabaris.

423 3687 520 3751 Unde
535 3700 625 3774 patet
640 3688 879 3776 conjectorium,
895 3691 952 3777 qui
968 3691 1093 3754 nornine
1110 3690 1251 3754 Danielis
1266 3690 1377 3756 inscri-

419 3790 520 3867 bitur,
530 3789 729 3854 auctoritatis
740 3804 772 3854 et
783 3790 927 3854 veritatis
938 3791 1050 3854 robore
1062 3790 1374 3877 destitutum,quum

422 3914 471 3954 res
483 3893 623 3976 singulas
636 3893 768 3977 singulis
781 3893 1065 3978 significationibus
1076 3906 1171 3958 arcet.
1196 3897 1246 3958 Dc
1259 3892 1377 3979 quibus

421 4015 483 4058 non
500 3993 629 4058 videtur
644 3996 740 4060 latius
751 3996 987 4080 exequendum,
999 4016 1099 4080 quum
1113 4008 1181 4059 tota
1192 3992 1376 4076 hujusmodi

423 4093 462 4157 sit
485 4095 593 4180 inepta
619 4097 758 4170 traditio,
783 4110 814 4160 et
836 4120 937 4181 vagus
963 4098 1177 4182 conjectorum
1203 4094 1293 4169 liber,
1319 4116 1376 4179 per

420 4194 616 4258 curiosorum
648 4218 761 4258 manus
790 4197 994 4282 impudenter
1027 4197 1195 4261 discurrat.
1248 4194 1376 4259 Habuit

421 4316 495 4359 sane
512 4295 627 4359 Daniel
647 4297 780 4381 gratiam
797 4296 1027 4383 interpretandi
1050 4297 1183 4360 visiones
1198 4310 1230 4361 et
1246 4295 1377 4376 somnia,
