3384 5234
365 646 435 690 oar.
452 629 521 704 nn]
711 647 965 693 Ponrcnarrous.
1280 638 1322 697 63

368 795 463 863 etiam
480 799 658 872 sanitatem,
674 809 730 862 aut
752 798 988 884 aegritudinem,
1005 811 1059 863 aut
1080 810 1211 881 statum,
1227 822 1322 885 quem

368 898 481 961 dicunt
505 899 754 976 neutralitatem,
777 900 966 964 fatalitatem
990 924 1120 987 quoque
1141 901 1255 987 ipsam,
1281 924 1321 966 ex

366 999 622 1086 praecedentibus
634 1000 731 1086 signis
743 1013 931 1087 agnoscunt,
940 1015 971 1065 et
983 1001 1157 1078 interdum,
1170 1006 1197 1067 si
1211 1025 1323 1067 causas

368 1104 524 1177 noverint,
534 1102 748 1167 efficacissime
759 1115 883 1168 curant.
915 1102 947 1167 Si
958 1126 1033 1167 vero
1045 1103 1092 1181 (ut
1104 1104 1202 1168 verbo
1212 1126 1321 1169 eorum

370 1208 453 1287 utar)
469 1224 579 1268 causas
598 1203 758 1288 ignorant,
773 1203 935 1289 quomodo
953 1208 1091 1269 curant?
1118 1205 1191 1269 Nou
1210 1204 1322 1291 utique

370 1305 448 1369 artis
462 1305 625 1384 beneficio,
639 1304 696 1369 sed
712 1306 861 1370 fortunae.
895 1308 919 1368 J
923 1305 1065 1370 odicium
1080 1328 1166 1384 vero,
1178 1307 1266 1393 quod
1282 1330 1322 1371 ex

370 1404 534 1491 signorum
564 1406 743 1492 cognitione
772 1405 953 1491 proferunt,
983 1407 1043 1470 etsi
1073 1405 1212 1485 difficile,
1239 1430 1323 1493 saepa

373 1506 570 1572 verissimum
585 1520 643 1571 est.
689 1506 806 1572 Multis
829 1530 959 1593 quoque
979 1507 1075 1593 signis
1095 1508 1322 1595 tranquillitas,

372 1623 405 1675 et
433 1613 529 1674 varias
555 1621 779 1695 tempestatum
808 1610 921 1673 formae
951 1608 1224 1697 procellarumque
1253 1634 1325 1697 pro·

372 1713 507 1790 duntur,
529 1735 601 1797 quae
624 1713 711 1778 velut
733 1712 766 1775 in
788 1712 917 1799 specula
940 1712 1044 1777 Lunae
1066 1712 1153 1777 orbis
1174 1713 1324 1780 insinuat.

374 1813 525 1892 Ostendit
548 1837 683 1900 namque
701 1814 901 1881 rubicundus
922 1814 1008 1878 color
1031 1827 1153 1892 ventos,
1170 1815 1326 1880 caeruleus

374 1915 511 2003 pluvias,
524 1939 563 1981 ex
579 1928 718 2001 utroque
729 1915 922 1980 commixtus
937 1916 1061 1981 nimbos
1075 1915 1205 1993 indicat,
1218 1916 1326 1980 furen-

375 2029 487 2101 tesque
509 2016 671 2102 procellas.
712 2017 825 2080 Laetus
850 2028 940 2080 ortus
967 2016 1167 2080 serenitatem
1192 2017 1328 2102 navigiis

374 2116 577 2202 repromittit,
598 2139 694 2203 quam
718 2130 823 2202 gestat
847 2116 950 2194 vultu,
973 2117 1134 2204 praecipue
1161 2118 1186 2181 si
1212 2131 1327 2204 quarto
1377 2189 1380 2195 ,

373 2233 458 2297 ortu,
482 2224 509 2285 is
535 2221 618 2284 enim
645 2233 757 2285 auctor
780 2221 973 2286 certissimus
996 2233 1055 2298 est,
1079 2243 1183 2306 neque
1205 2222 1328 2286 obtusis

374 2322 524 2385 cornibus
546 2322 654 2397 rutila,
670 2344 775 2406 neque
792 2321 900 2385 infuso
922 2320 1021 2385 fuerit
1041 2323 1174 2386 humore
1192 2320 1325 2386 fuscata.

375 2425 468 2487 Tunc
483 2424 566 2487 enim

480 2538 565 2593 Totus
578 2546 606 2592 et
616 2538 661 2591 ille
674 2540 739 2603 dies,
751 2541 834 2608 etqui
846 2544 983 2591 nascentur
995 2540 1028 2591 ab
1040 2538 1094 2602 illo,

482 2625 612 2678 Exactum
624 2625 658 2676 ad
670 2642 786 2677 mensem
797 2629 876 2678 vento
887 2623 1024 2696 pluviaque
1035 2622 1168 2676 carebunt.

379 2728 433 2790 Sol
453 2750 583 2813 quoque
604 2726 742 2791 candens
763 2727 895 2791 interest
918 2738 1027 2791 utrum
1050 2724 1229 2811 aequalibus
1249 2747 1327 2810 gau·

379 2828 454 2891 deat
483 2828 589 2903 radiis,
619 2851 658 2891 an
689 2829 815 2913 objecta
841 2827 926 2892 nube
955 2827 1077 2904 rutilet,
1103 2838 1211 2891 utrum
1239 2824 1331 2889 solito

381 2928 549 3015 splendore
564 2926 719 3014 fulgidus,
734 2952 774 2993 an
789 2930 894 2993 ventis
917 2928 1106 3013 urgentibus
1120 2927 1245 3013 igneus,
1259 2927 1331 2990 nive

381 3032 421 3095 sit
437 3029 585 3116 pallidus,
600 3052 639 3094 an
654 3032 764 3113 pluvia
780 3029 819 3095 sit
836 3030 1038 3117 impendente
1053 3028 1240 3094 maculosus.
1268 3032 1332 3093 Aer

372 3152 466 3210 nero,
482 3142 513 3194 et
530 3152 614 3193 mare
629 3132 731 3217 ipsum
755 3132 955 3214 nubiumque
977 3128 1178 3214 magnitudo,
1193 3129 1244 3192 vel
1264 3150 1333 3215 spe-

380 3232 444 3296 cies
469 3229 642 3317 plurimum
669 3231 807 3296 afferunt
833 3229 1059 3295 instructionis.
1106 3228 1167 3292 Sed
1191 3242 1223 3294 et
1246 3251 1332 3303 aves,

381 3345 414 3396 et
433 3333 546 3418 pisces,
571 3332 755 3397 futurorum
778 3332 953 3396 certissima
973 3330 1114 3417 produnt
1136 3330 1236 3416 signa,
1259 3351 1331 3416 quae

382 3436 535 3520 Virgilius
550 3448 582 3501 et
599 3436 751 3501 Lucanus
765 3435 875 3499 divino
894 3434 1169 3519 comprehendunt
1184 3432 1330 3518 ingenio;

382 3538 437 3602 sed
453 3552 484 3603 et
496 3541 598 3602 Varro
611 3538 644 3601 in
661 3537 751 3604 libris
766 3538 944 3618 navalibus,
956 3537 1032 3602 dum
1050 3536 1188 3601 solicitos
1201 3535 1333 3601 instruit

382 3654 504 3706 nautas.

382 3829 461 3914 Cap.
478 3836 509 3893 3.
534 3831 712 3911 Signorum
734 3831 800 3891 alta
823 3849 890 3891 ease
912 3829 1119 3901 universalia,
1143 3829 1209 3890 alia
1228 3828 1334 3909 parti·

478 3934 630 3995 cararia.-
653 3938 683 3995 et
698 3932 777 4012 quid
790 3931 953 4012 ar'gntfioet
963 3931 1139 4011 geminatio
1154 3930 1249 3994 Solis.

425 4065 504 4141 Qua
519 4088 596 4128 vero
610 4064 641 4128 in
658 4062 724 4127 sole
738 4075 769 4127 et
786 4062 862 4126 luna
883 4062 1057 4126 secundum
1080 4075 1228 4127 naturam
1244 4062 1335 4147 signa

383 4165 587 4250 contigerint,
610 4165 783 4229 certissima
806 4176 892 4240 sunt,
917 4177 948 4227 et
974 4174 1140 4227 auctorum
1162 4163 1337 4227 multorum

385 4265 564 4330 testimonio
586 4266 802 4352 comprobata.
848 4266 986 4331 “Solem
1005 4262 1080 4348 quis
1094 4262 1198 4327 dicere
1220 4262 1335 4327 falsum
