<?xml version="1.0" encoding="UTF-8"?>
<!DOCTYPE html PUBLIC "-//W3C//DTD XHTML 1.0 Transitional//EN"
    "http://www.w3.org/TR/xhtml1/DTD/xhtml1-transitional.dtd">
<html xmlns="http://www.w3.org/1999/xhtml" xml:lang="en" lang="en">
 <head>
  <title>
</title>
<meta http-equiv="Content-Type" content="text/html;charset=utf-8" />
  <meta name='ocr-system' content='tesseract 3.04.00' />
  <meta name='ocr-capabilities' content='ocr_page ocr_carea ocr_par ocr_line ocrx_word'/>
</head>
<body>
  <div class='ocr_page' id='page_1' title='image "./joannissaresber06johngoog_0150.png"; bbox 0 0 3384 5234; ppageno 0'>
   <div class='ocr_carea' id='block_1_1' title="bbox 390 682 1336 765">
    <p class='ocr_par' dir='ltr' id='par_1_1' title="bbox 390 682 1336 765">
     <span class='ocr_line' id='line_1_1' title="bbox 390 682 1336 765; baseline 0.007 -25"><span class='ocrx_word' id='word_1_1' title='bbox 390 682 450 742; x_wconf 78' lang='lat'>140</span> <span class='ocrx_word' id='word_1_2' title='bbox 644 697 779 742; x_wconf 76' lang='lat' dir='ltr'>Josnrus</span> <span class='ocrx_word' id='word_1_3' title='bbox 795 698 1076 745; x_wconf 76' lang='lat' dir='ltr'>ssussasnmusrs</span> <span class='ocrx_word' id='word_1_4' title='bbox 1209 686 1281 765; x_wconf 82' lang='lat' dir='ltr'>[ma</span> <span class='ocrx_word' id='word_1_5' title='bbox 1299 706 1336 750; x_wconf 91' lang='lat'>11.</span> 
     </span>
    </p>
   </div>
   <div class='ocr_carea' id='block_1_2' title="bbox 301 843 1337 4396">
    <p class='ocr_par' dir='ltr' id='par_1_2' title="bbox 301 843 1337 4396">
     <span class='ocr_line' id='line_1_2' title="bbox 386 843 1336 938; baseline 0.006 -27"><span class='ocrx_word' id='word_1_6' title='bbox 386 869 438 911; x_wconf 87' lang='lat' dir='ltr'>ces</span> <span class='ocrx_word' id='word_1_7' title='bbox 457 846 497 909; x_wconf 94' lang='lat' dir='ltr'>de</span> <span class='ocrx_word' id='word_1_8' title='bbox 519 843 639 911; x_wconf 87' lang='lat' dir='ltr'>intimis</span> <span class='ocrx_word' id='word_1_9' title='bbox 661 846 856 931; x_wconf 77' lang='lat' dir='ltr'>praecordiis,</span> <span class='ocrx_word' id='word_1_10' title='bbox 876 860 906 911; x_wconf 87' lang='lat' dir='ltr'>et</span> <span class='ocrx_word' id='word_1_11' title='bbox 930 847 1068 935; x_wconf 85' lang='lat' dir='ltr'>adjecit:</span> <span class='ocrx_word' id='word_1_12' title='bbox 1096 852 1168 936; x_wconf 83' lang='lat' dir='ltr'>Ego</span> <span class='ocrx_word' id='word_1_13' title='bbox 1190 875 1258 916; x_wconf 90' lang='lat' dir='ltr'>sum</span> <span class='ocrx_word' id='word_1_14' title='bbox 1280 852 1336 938; x_wconf 92' lang='lat' dir='ltr'>qui</span> 
     </span>
     <span class='ocr_line' id='line_1_3' title="bbox 385 948 1336 1040; baseline 0.006 -27"><span class='ocrx_word' id='word_1_15' title='bbox 385 948 525 1035; x_wconf 85' lang='lat' dir='ltr'>peccavi,</span> <span class='ocrx_word' id='word_1_16' title='bbox 555 968 615 1031; x_wconf 86' lang='lat' dir='ltr'>ego</span> <span class='ocrx_word' id='word_1_17' title='bbox 643 948 751 1033; x_wconf 90' lang='lat' dir='ltr'>inique</span> <span class='ocrx_word' id='word_1_18' title='bbox 780 949 842 1033; x_wconf 86' lang='lat' dir='ltr'>egi,</span> <span class='ocrx_word' id='word_1_19' title='bbox 870 950 922 1013; x_wconf 88' lang='lat' dir='ltr'>isti</span> <span class='ocrx_word' id='word_1_20' title='bbox 952 950 1008 1035; x_wconf 93' lang='lat' dir='ltr'>qui</span> <span class='ocrx_word' id='word_1_21' title='bbox 1040 975 1116 1016; x_wconf 85' lang='lat' dir='ltr'>oves</span> <span class='ocrx_word' id='word_1_22' title='bbox 1143 968 1228 1031; x_wconf 84' lang='lat' dir='ltr'>sunt,</span> <span class='ocrx_word' id='word_1_23' title='bbox 1256 950 1336 1040; x_wconf 86' lang='lat' dir='ltr'>quid</span> 
     </span>
     <span class='ocr_line' id='line_1_4' title="bbox 385 1048 1337 1141; baseline 0.006 -28"><span class='ocrx_word' id='word_1_24' title='bbox 385 1050 552 1115; x_wconf 80' lang='lat' dir='ltr'>lecerunt?</span> <span class='ocrx_word' id='word_1_25' title='bbox 589 1054 693 1115; x_wconf 89' lang='lat' dir='ltr'>Verus</span> <span class='ocrx_word' id='word_1_26' title='bbox 712 1048 824 1135; x_wconf 92' lang='lat' dir='ltr'>utique</span> <span class='ocrx_word' id='word_1_27' title='bbox 845 1073 912 1130; x_wconf 86' lang='lat' dir='ltr'>rex,</span> <span class='ocrx_word' id='word_1_28' title='bbox 934 1065 966 1115; x_wconf 93' lang='lat' dir='ltr'>et</span> <span class='ocrx_word' id='word_1_29' title='bbox 984 1051 1094 1134; x_wconf 90' lang='lat' dir='ltr'>justus</span> <span class='ocrx_word' id='word_1_30' title='bbox 1119 1055 1277 1141; x_wconf 88' lang='lat' dir='ltr'>princeps,</span> <span class='ocrx_word' id='word_1_31' title='bbox 1304 1071 1337 1120; x_wconf 87' lang='lat' dir='ltr'>et</span> 
     </span>
     <span class='ocr_line' id='line_1_5' title="bbox 385 1151 1336 1243; baseline 0.008 -29"><span class='ocrx_word' id='word_1_32' title='bbox 385 1151 513 1236; x_wconf 87' lang='lat' dir='ltr'>diguus,</span> <span class='ocrx_word' id='word_1_33' title='bbox 527 1152 583 1239; x_wconf 89' lang='lat' dir='ltr'>qui</span> <span class='ocrx_word' id='word_1_34' title='bbox 602 1151 756 1216; x_wconf 85' lang='lat' dir='ltr'>Altissimi</span> <span class='ocrx_word' id='word_1_35' title='bbox 772 1152 932 1237; x_wconf 84' lang='lat' dir='ltr'>frangeret</span> <span class='ocrx_word' id='word_1_36' title='bbox 948 1154 1039 1230; x_wconf 90' lang='lat' dir='ltr'>iram,</span> <span class='ocrx_word' id='word_1_37' title='bbox 1055 1156 1112 1240; x_wconf 94' lang='lat' dir='ltr'>qui</span> <span class='ocrx_word' id='word_1_38' title='bbox 1128 1156 1204 1219; x_wconf 94' lang='lat' dir='ltr'>dum</span> <span class='ocrx_word' id='word_1_39' title='bbox 1230 1181 1262 1220; x_wconf 86' lang='lat' dir='ltr'>se</span> <span class='ocrx_word' id='word_1_40' title='bbox 1277 1181 1336 1243; x_wconf 94' lang='lat' dir='ltr'>pro</span> 
     </span>
     <span class='ocr_line' id='line_1_6' title="bbox 384 1251 1336 1343; baseline 0.007 -27"><span class='ocrx_word' id='word_1_41' title='bbox 384 1252 506 1338; x_wconf 91' lang='lat' dir='ltr'>populo</span> <span class='ocrx_word' id='word_1_42' title='bbox 530 1251 705 1337; x_wconf 88' lang='lat' dir='ltr'>flagellanti</span> <span class='ocrx_word' id='word_1_43' title='bbox 730 1255 800 1315; x_wconf 89' lang='lat' dir='ltr'>Deo</span> <span class='ocrx_word' id='word_1_44' title='bbox 824 1254 986 1338; x_wconf 90' lang='lat' dir='ltr'>opposuit,</span> <span class='ocrx_word' id='word_1_45' title='bbox 1012 1253 1241 1340; x_wconf 84' lang='lat' dir='ltr'>indignationis</span> <span class='ocrx_word' id='word_1_46' title='bbox 1266 1259 1336 1343; x_wconf 88' lang='lat' dir='ltr'>ejus</span> 
     </span>
     <span class='ocr_line' id='line_1_7' title="bbox 384 1352 1335 1439; baseline 0.006 -23"><span class='ocrx_word' id='word_1_47' title='bbox 384 1352 544 1438; x_wconf 88' lang='lat' dir='ltr'>flagellum</span> <span class='ocrx_word' id='word_1_48' title='bbox 575 1352 703 1416; x_wconf 89' lang='lat' dir='ltr'>amovit.</span> <span class='ocrx_word' id='word_1_49' title='bbox 750 1354 834 1415; x_wconf 84' lang='lat' dir='ltr'>Eum</span> <span class='ocrx_word' id='word_1_50' title='bbox 867 1353 1024 1439; x_wconf 88' lang='lat' dir='ltr'>siquidem</span> <span class='ocrx_word' id='word_1_51' title='bbox 1054 1357 1144 1420; x_wconf 90' lang='lat' dir='ltr'>nulla</span> <span class='ocrx_word' id='word_1_52' title='bbox 1172 1359 1335 1424; x_wconf 84' lang='lat' dir='ltr'>excusatio</span> 
     </span>
     <span class='ocr_line' id='line_1_8' title="bbox 384 1452 1336 1541; baseline 0.009 -24"><span class='ocrx_word' id='word_1_53' title='bbox 384 1454 495 1533; x_wconf 86' lang='lat' dir='ltr'>flectit,</span> <span class='ocrx_word' id='word_1_54' title='bbox 507 1453 567 1518; x_wconf 87' lang='lat' dir='ltr'>nisi</span> <span class='ocrx_word' id='word_1_55' title='bbox 578 1475 678 1539; x_wconf 94' lang='lat' dir='ltr'>quum</span> <span class='ocrx_word' id='word_1_56' title='bbox 690 1452 762 1537; x_wconf 93' lang='lat' dir='ltr'>quis</span> <span class='ocrx_word' id='word_1_57' title='bbox 773 1456 904 1540; x_wconf 92' lang='lat' dir='ltr'>proprio</span> <span class='ocrx_word' id='word_1_58' title='bbox 910 1456 1035 1541; x_wconf 87' lang='lat' dir='ltr'>judicio</span> <span class='ocrx_word' id='word_1_59' title='bbox 1044 1471 1220 1524; x_wconf 87' lang='lat' dir='ltr'>accusatur.</span> <span class='ocrx_word' id='word_1_60' title='bbox 1244 1461 1336 1526; x_wconf 94' lang='lat' dir='ltr'>Nihil</span> 
     </span>
     <span class='ocr_line' id='line_1_9' title="bbox 382 1552 1335 1646; baseline 0.006 -26"><span class='ocrx_word' id='word_1_61' title='bbox 382 1568 490 1620; x_wconf 89' lang='lat' dir='ltr'>movet</span> <span class='ocrx_word' id='word_1_62' title='bbox 508 1555 549 1619; x_wconf 90' lang='lat' dir='ltr'>ad</span> <span class='ocrx_word' id='word_1_63' title='bbox 573 1554 708 1630; x_wconf 86' lang='lat' dir='ltr'>veniam,</span> <span class='ocrx_word' id='word_1_64' title='bbox 729 1552 787 1617; x_wconf 87' lang='lat' dir='ltr'>nisi</span> <span class='ocrx_word' id='word_1_65' title='bbox 808 1578 907 1640; x_wconf 86' lang='lat' dir='ltr'>quum</span> <span class='ocrx_word' id='word_1_66' title='bbox 932 1579 1047 1622; x_wconf 89' lang='lat' dir='ltr'>nocens</span> <span class='ocrx_word' id='word_1_67' title='bbox 1069 1560 1189 1624; x_wconf 90' lang='lat' dir='ltr'>nudam</span> <span class='ocrx_word' id='word_1_68' title='bbox 1214 1560 1335 1646; x_wconf 87' lang='lat' dir='ltr'>detegit</span> 
     </span>
     <span class='ocr_line' id='line_1_10' title="bbox 385 1655 1336 1749; baseline 0.005 -27"><span class='ocrx_word' id='word_1_69' title='bbox 385 1658 523 1744; x_wconf 86' lang='lat' dir='ltr'>culpam.</span> <span class='ocrx_word' id='word_1_70' title='bbox 551 1655 802 1721; x_wconf 87' lang='lat' dir='ltr'>Misericordiam</span> <span class='ocrx_word' id='word_1_71' title='bbox 816 1657 894 1721; x_wconf 91' lang='lat' dir='ltr'>nihil</span> <span class='ocrx_word' id='word_1_72' title='bbox 907 1659 1068 1737; x_wconf 89' lang='lat' dir='ltr'>admonet,</span> <span class='ocrx_word' id='word_1_73' title='bbox 1080 1662 1140 1726; x_wconf 88' lang='lat' dir='ltr'>nisi</span> <span class='ocrx_word' id='word_1_74' title='bbox 1153 1686 1252 1749; x_wconf 89' lang='lat' dir='ltr'>quum</span> <span class='ocrx_word' id='word_1_75' title='bbox 1268 1665 1336 1728; x_wconf 91' lang='lat' dir='ltr'>ani-</span> 
     </span>
     <span class='ocr_line' id='line_1_11' title="bbox 384 1757 1335 1845; baseline 0.007 -23"><span class='ocrx_word' id='word_1_76' title='bbox 384 1781 456 1822; x_wconf 92' lang='lat' dir='ltr'>mus</span> <span class='ocrx_word' id='word_1_77' title='bbox 471 1758 603 1823; x_wconf 86' lang='lat' dir='ltr'>caritate</span> <span class='ocrx_word' id='word_1_78' title='bbox 621 1779 800 1832; x_wconf 69' lang='lat' dir='ltr'>succensus</span> <span class='ocrx_word' id='word_1_79' title='bbox 816 1757 850 1820; x_wconf 91' lang='lat' dir='ltr'>in</span> <span class='ocrx_word' id='word_1_80' title='bbox 871 1781 904 1821; x_wconf 88' lang='lat' dir='ltr'>se</span> <span class='ocrx_word' id='word_1_81' title='bbox 925 1759 994 1845; x_wconf 89' lang='lat' dir='ltr'>ipso</span> <span class='ocrx_word' id='word_1_82' title='bbox 1012 1763 1199 1826; x_wconf 85' lang='lat' dir='ltr'>conteritur.</span> <span class='ocrx_word' id='word_1_83' title='bbox 1244 1765 1335 1829; x_wconf 91' lang='lat' dir='ltr'>Nihil</span> 
     </span>
     <span class='ocr_line' id='line_1_12' title="bbox 301 1857 1334 1945; baseline 0.006 -22"><span class='ocrx_word' id='word_1_84' title='bbox 301 1902 303 1905; x_wconf 78' lang='lat'><em>.</em></span> <span class='ocrx_word' id='word_1_85' title='bbox 383 1860 554 1945; x_wconf 84' lang='lat' dir='ltr'>persuadet</span> <span class='ocrx_word' id='word_1_86' title='bbox 566 1857 805 1945; x_wconf 89' lang='lat' dir='ltr'>propitiandum</span> <span class='ocrx_word' id='word_1_87' title='bbox 818 1880 895 1934; x_wconf 89' lang='lat' dir='ltr'>esse,</span> <span class='ocrx_word' id='word_1_88' title='bbox 909 1859 968 1923; x_wconf 88' lang='lat' dir='ltr'>nisi</span> <span class='ocrx_word' id='word_1_89' title='bbox 984 1885 1085 1945; x_wconf 91' lang='lat' dir='ltr'>quum</span> <span class='ocrx_word' id='word_1_90' title='bbox 1101 1885 1189 1927; x_wconf 91' lang='lat' dir='ltr'>mens</span> <span class='ocrx_word' id='word_1_91' title='bbox 1204 1886 1334 1929; x_wconf 89' lang='lat' dir='ltr'>manum</span> 
     </span>
     <span class='ocr_line' id='line_1_13' title="bbox 383 1958 1334 2050; baseline 0.005 -24"><span class='ocrx_word' id='word_1_92' title='bbox 383 1962 487 2047; x_wconf 86' lang='lat' dir='ltr'>operis</span> <span class='ocrx_word' id='word_1_93' title='bbox 516 1960 658 2024; x_wconf 89' lang='lat' dir='ltr'>extendit</span> <span class='ocrx_word' id='word_1_94' title='bbox 688 1958 729 2021; x_wconf 93' lang='lat' dir='ltr'>ad</span> <span class='ocrx_word' id='word_1_95' title='bbox 759 1960 1027 2028; x_wconf 83' lang='lat' dir='ltr'>satisfaciendum.</span> <span class='ocrx_word' id='word_1_96' title='bbox 1085 1964 1118 2027; x_wconf 93' lang='lat' dir='ltr'>Si</span> <span class='ocrx_word' id='word_1_97' title='bbox 1147 1966 1221 2050; x_wconf 91' lang='lat' dir='ltr'>quis</span> <span class='ocrx_word' id='word_1_98' title='bbox 1250 1968 1334 2031; x_wconf 91' lang='lat' dir='ltr'>enim</span> 
     </span>
     <span class='ocr_line' id='line_1_14' title="bbox 382 2062 1333 2147; baseline 0.005 -19"><span class='ocrx_word' id='word_1_99' title='bbox 382 2065 503 2129; x_wconf 80' lang='lat' dir='ltr'>fatetur</span> <span class='ocrx_word' id='word_1_100' title='bbox 519 2062 790 2147; x_wconf 88' lang='lat' dir='ltr'>culpam,inutilis</span> <span class='ocrx_word' id='word_1_101' title='bbox 801 2075 848 2127; x_wconf 87' lang='lat' dir='ltr'>est</span> <span class='ocrx_word' id='word_1_102' title='bbox 860 2064 1024 2141; x_wconf 74' lang='lat' dir='ltr'>confessio,</span> <span class='ocrx_word' id='word_1_103' title='bbox 1039 2065 1099 2129; x_wconf 91' lang='lat' dir='ltr'>nisi</span> <span class='ocrx_word' id='word_1_104' title='bbox 1110 2067 1333 2133; x_wconf 83' lang='lat' dir='ltr'>satisfactionis</span> 
     </span>
     <span class='ocr_line' id='line_1_15' title="bbox 383 2161 1332 2251; baseline 0.002 -21"><span class='ocrx_word' id='word_1_105' title='bbox 383 2164 488 2230; x_wconf 88' lang='lat' dir='ltr'>animo</span> <span class='ocrx_word' id='word_1_106' title='bbox 516 2177 623 2228; x_wconf 88' lang='lat' dir='ltr'>currat</span> <span class='ocrx_word' id='word_1_107' title='bbox 653 2162 694 2226; x_wconf 89' lang='lat' dir='ltr'>ad</span> <span class='ocrx_word' id='word_1_108' title='bbox 724 2161 858 2228; x_wconf 89' lang='lat' dir='ltr'>veniam.</span> <span class='ocrx_word' id='word_1_109' title='bbox 903 2164 1045 2240; x_wconf 89' lang='lat' dir='ltr'>Peccavi,</span> <span class='ocrx_word' id='word_1_110' title='bbox 1075 2166 1191 2251; x_wconf 91' lang='lat' dir='ltr'>inquit,</span> <span class='ocrx_word' id='word_1_111' title='bbox 1215 2167 1332 2246; x_wconf 88' lang='lat' dir='ltr'>Judas,</span> 
     </span>
     <span class='ocr_line' id='line_1_16' title="bbox 384 2264 1332 2354; baseline 0.001 -22"><span class='ocrx_word' id='word_1_112' title='bbox 384 2266 513 2332; x_wconf 86' lang='lat' dir='ltr'>tradens</span> <span class='ocrx_word' id='word_1_113' title='bbox 528 2264 711 2351; x_wconf 89' lang='lat' dir='ltr'>sanguinem</span> <span class='ocrx_word' id='word_1_114' title='bbox 723 2266 860 2351; x_wconf 90' lang='lat' dir='ltr'>justum.</span> <span class='ocrx_word' id='word_1_115' title='bbox 906 2268 983 2331; x_wconf 87' lang='lat' dir='ltr'>Fuit</span> <span class='ocrx_word' id='word_1_116' title='bbox 998 2268 1109 2352; x_wconf 85' lang='lat' dir='ltr'>itaque</span> <span class='ocrx_word' id='word_1_117' title='bbox 1124 2290 1199 2332; x_wconf 87' lang='lat' dir='ltr'>vera</span> <span class='ocrx_word' id='word_1_118' title='bbox 1214 2291 1332 2354; x_wconf 91' lang='lat' dir='ltr'>usque-</span> 
     </span>
     <span class='ocr_line' id='line_1_17' title="bbox 383 2364 1330 2454; baseline 0.002 -23"><span class='ocrx_word' id='word_1_119' title='bbox 383 2390 511 2454; x_wconf 86' lang='lat' dir='ltr'>quaque</span> <span class='ocrx_word' id='word_1_120' title='bbox 526 2364 697 2431; x_wconf 82' lang='lat' dir='ltr'>confessio:</span> <span class='ocrx_word' id='word_1_121' title='bbox 721 2366 775 2430; x_wconf 91' lang='lat' dir='ltr'>sed</span> <span class='ocrx_word' id='word_1_122' title='bbox 785 2365 917 2440; x_wconf 84' lang='lat' dir='ltr'>inutilis,</span> <span class='ocrx_word' id='word_1_123' title='bbox 933 2367 1009 2452; x_wconf 90' lang='lat' dir='ltr'>qnia</span> <span class='ocrx_word' id='word_1_124' title='bbox 1020 2367 1128 2453; x_wconf 90' lang='lat' dir='ltr'>potius</span> <span class='ocrx_word' id='word_1_125' title='bbox 1139 2369 1281 2433; x_wconf 86' lang='lat' dir='ltr'>cucurrit</span> <span class='ocrx_word' id='word_1_126' title='bbox 1290 2370 1330 2433; x_wconf 90' lang='lat' dir='ltr'>ad</span> 
     </span>
     <span class='ocr_line' id='line_1_18' title="bbox 381 2467 1332 2556; baseline 0.004 -22"><span class='ocrx_word' id='word_1_127' title='bbox 381 2471 531 2556; x_wconf 88' lang='lat' dir='ltr'>laqueum</span> <span class='ocrx_word' id='word_1_128' title='bbox 544 2492 639 2555; x_wconf 81' lang='lat' dir='ltr'>quern</span> <span class='ocrx_word' id='word_1_129' title='bbox 649 2480 818 2547; x_wconf 86' lang='lat' dir='ltr'>meruerat,</span> <span class='ocrx_word' id='word_1_130' title='bbox 827 2489 923 2554; x_wconf 85' lang='lat' dir='ltr'>quarn</span> <span class='ocrx_word' id='word_1_131' title='bbox 929 2467 971 2544; x_wconf 88' lang='lat' dir='ltr'>ad</span> <span class='ocrx_word' id='word_1_132' title='bbox 977 2468 1097 2533; x_wconf 86' lang='lat' dir='ltr'>fontem</span> <span class='ocrx_word' id='word_1_133' title='bbox 1109 2469 1332 2538; x_wconf 87' lang='lat' dir='ltr'>misericordiae</span> 
     </span>
     <span class='ocr_line' id='line_1_19' title="bbox 382 2569 1334 2659; baseline 0.001 -23"><span class='ocrx_word' id='word_1_134' title='bbox 382 2594 478 2659; x_wconf 89' lang='lat' dir='ltr'>quam</span> <span class='ocrx_word' id='word_1_135' title='bbox 501 2572 711 2646; x_wconf 85' lang='lat' dir='ltr'>demeruerat,</span> <span class='ocrx_word' id='word_1_136' title='bbox 734 2582 765 2634; x_wconf 93' lang='lat' dir='ltr'>et</span> <span class='ocrx_word' id='word_1_137' title='bbox 788 2569 1007 2634; x_wconf 86' lang='lat' dir='ltr'>obstinationis</span> <span class='ocrx_word' id='word_1_138' title='bbox 1029 2593 1095 2634; x_wconf 85' lang='lat' dir='ltr'>suae</span> <span class='ocrx_word' id='word_1_139' title='bbox 1116 2570 1237 2635; x_wconf 87' lang='lat' dir='ltr'>duritia</span> <span class='ocrx_word' id='word_1_140' title='bbox 1252 2595 1334 2658; x_wconf 84' lang='lat' dir='ltr'>prae-</span> 
     </span>
     <span class='ocr_line' id='line_1_20' title="bbox 381 2671 1332 2760; baseline 0 -21"><span class='ocrx_word' id='word_1_141' title='bbox 381 2675 518 2740; x_wconf 85' lang='lat' dir='ltr'>cluserat</span> <span class='ocrx_word' id='word_1_142' title='bbox 548 2674 616 2739; x_wconf 91' lang='lat' dir='ltr'>sibi.</span> <span class='ocrx_word' id='word_1_143' title='bbox 663 2676 748 2737; x_wconf 91' lang='lat' dir='ltr'>Eum</span> <span class='ocrx_word' id='word_1_144' title='bbox 778 2687 884 2738; x_wconf 90' lang='lat' dir='ltr'>tamen</span> <span class='ocrx_word' id='word_1_145' title='bbox 914 2672 1066 2758; x_wconf 82' lang='lat' dir='ltr'>poenituit</span> <span class='ocrx_word' id='word_1_146' title='bbox 1095 2671 1213 2751; x_wconf 85' lang='lat' dir='ltr'>fecisse,</span> <span class='ocrx_word' id='word_1_147' title='bbox 1245 2674 1332 2760; x_wconf 89' lang='lat' dir='ltr'>quod</span> 
     </span>
     <span class='ocr_line' id='line_1_21' title="bbox 382 2772 1330 2861; baseline 0.002 -24"><span class='ocrx_word' id='word_1_148' title='bbox 382 2775 513 2855; x_wconf 85' lang='lat' dir='ltr'>fecerat,</span> <span class='ocrx_word' id='word_1_149' title='bbox 539 2774 593 2838; x_wconf 89' lang='lat' dir='ltr'>sed</span> <span class='ocrx_word' id='word_1_150' title='bbox 620 2797 680 2837; x_wconf 90' lang='lat' dir='ltr'>non</span> <span class='ocrx_word' id='word_1_151' title='bbox 701 2796 739 2836; x_wconf 93' lang='lat' dir='ltr'>eo</span> <span class='ocrx_word' id='word_1_152' title='bbox 763 2772 941 2836; x_wconf 89' lang='lat' dir='ltr'>devotionis</span> <span class='ocrx_word' id='word_1_153' title='bbox 967 2773 1095 2854; x_wconf 84' lang='lat' dir='ltr'>affectu,</span> <span class='ocrx_word' id='word_1_154' title='bbox 1120 2774 1177 2860; x_wconf 91' lang='lat' dir='ltr'>qui</span> <span class='ocrx_word' id='word_1_155' title='bbox 1194 2773 1330 2861; x_wconf 89' lang='lat' dir='ltr'>lapidem</span> 
     </span>
     <span class='ocr_line' id='line_1_22' title="bbox 383 2871 1332 2963; baseline 0.001 -24"><span class='ocrx_word' id='word_1_156' title='bbox 383 2875 534 2963; x_wconf 90' lang='lat' dir='ltr'>adjutorii</span> <span class='ocrx_word' id='word_1_157' title='bbox 564 2874 720 2939; x_wconf 85' lang='lat' dir='ltr'>sufficeret</span> <span class='ocrx_word' id='word_1_158' title='bbox 745 2871 895 2937; x_wconf 89' lang='lat' dir='ltr'>emollire.</span> <span class='ocrx_word' id='word_1_159' title='bbox 953 2875 1147 2939; x_wconf 88' lang='lat' dir='ltr'>Poenitentia</span> <span class='ocrx_word' id='word_1_160' title='bbox 1175 2874 1332 2962; x_wconf 89' lang='lat' dir='ltr'>siquidem</span> 
     </span>
     <span class='ocr_line' id='line_1_23' title="bbox 384 2975 1332 3064; baseline 0.002 -23"><span class='ocrx_word' id='word_1_161' title='bbox 384 2977 502 3044; x_wconf 88' lang='lat' dir='ltr'>ductus</span> <span class='ocrx_word' id='word_1_162' title='bbox 517 2978 630 3064; x_wconf 88' lang='lat' dir='ltr'>laqueo</span> <span class='ocrx_word' id='word_1_163' title='bbox 639 3001 673 3055; x_wconf 83' lang='lat' dir='ltr'>se</span> <span class='ocrx_word' id='word_1_164' title='bbox 689 2975 867 3062; x_wconf 88' lang='lat' dir='ltr'>suspendit.</span> <span class='ocrx_word' id='word_1_165' title='bbox 912 2976 1019 3042; x_wconf 87' lang='lat' dir='ltr'>Vitam</span> <span class='ocrx_word' id='word_1_166' title='bbox 1032 2976 1216 3061; x_wconf 84' lang='lat' dir='ltr'>ergodigno</span> <span class='ocrx_word' id='word_1_167' title='bbox 1227 2978 1332 3043; x_wconf 89' lang='lat' dir='ltr'>finivit</span> 
     </span>
     <span class='ocr_line' id='line_1_24' title="bbox 382 3078 1331 3167; baseline 0 -23"><span class='ocrx_word' id='word_1_168' title='bbox 382 3081 559 3167; x_wconf 87' lang='lat' dir='ltr'>supplicio;</span> <span class='ocrx_word' id='word_1_169' title='bbox 591 3080 646 3144; x_wconf 90' lang='lat' dir='ltr'>sed</span> <span class='ocrx_word' id='word_1_170' title='bbox 668 3080 744 3167; x_wconf 92' lang='lat' dir='ltr'>quia</span> <span class='ocrx_word' id='word_1_171' title='bbox 766 3078 918 3142; x_wconf 89' lang='lat' dir='ltr'>malitiam</span> <span class='ocrx_word' id='word_1_172' title='bbox 942 3100 1003 3141; x_wconf 91' lang='lat' dir='ltr'>non</span> <span class='ocrx_word' id='word_1_173' title='bbox 1027 3079 1176 3155; x_wconf 87' lang='lat' dir='ltr'>correxit,</span> <span class='ocrx_word' id='word_1_174' title='bbox 1208 3083 1331 3144; x_wconf 88' lang='lat' dir='ltr'>veniam</span> 
     </span>
     <span class='ocr_line' id='line_1_25' title="bbox 382 3179 1331 3267; baseline -0.002 -20"><span class='ocrx_word' id='word_1_175' title='bbox 382 3183 442 3248; x_wconf 84' lang='lat' dir='ltr'>sibi</span> <span class='ocrx_word' id='word_1_176' title='bbox 471 3183 560 3248; x_wconf 92' lang='lat' dir='ltr'>nullo</span> <span class='ocrx_word' id='word_1_177' title='bbox 582 3182 692 3247; x_wconf 88' lang='lat' dir='ltr'>salutis</span> <span class='ocrx_word' id='word_1_178' title='bbox 714 3179 898 3267; x_wconf 85' lang='lat' dir='ltr'>procuravit</span> <span class='ocrx_word' id='word_1_179' title='bbox 928 3179 1073 3244; x_wconf 86' lang='lat' dir='ltr'>remedio.</span> <span class='ocrx_word' id='word_1_180' title='bbox 1120 3180 1171 3243; x_wconf 88' lang='lat' dir='ltr'>Sic</span> <span class='ocrx_word' id='word_1_181' title='bbox 1193 3182 1278 3244; x_wconf 92' lang='lat' dir='ltr'>enim</span> <span class='ocrx_word' id='word_1_182' title='bbox 1300 3194 1331 3245; x_wconf 91' lang='lat' dir='ltr'>et</span> 
     </span>
     <span class='ocr_line' id='line_1_26' title="bbox 379 3266 1332 3372; baseline -0.004 -22"><span class='ocrx_word' id='word_1_183' title='bbox 379 3286 468 3372; x_wconf 87' lang='lat' dir='ltr'>apud</span> <span class='ocrx_word' id='word_1_184' title='bbox 483 3286 600 3349; x_wconf 89' lang='lat' dir='ltr'>inferos</span> <span class='ocrx_word' id='word_1_185' title='bbox 616 3285 764 3349; x_wconf 87' lang='lat' dir='ltr'>scribitur</span> <span class='ocrx_word' id='word_1_186' title='bbox 779 3306 845 3347; x_wconf 86' lang='lat' dir='ltr'>esso</span> <span class='ocrx_word' id='word_1_187' title='bbox 857 3266 1008 3346; x_wconf 76' lang='lat' dir='ltr'>stimulus</span> <span class='ocrx_word' id='word_1_188' title='bbox 1024 3281 1245 3365; x_wconf 85' lang='lat' dir='ltr'>poenitudinis,</span> <span class='ocrx_word' id='word_1_189' title='bbox 1259 3282 1332 3346; x_wconf 88' lang='lat' dir='ltr'>licet</span> 
     </span>
     <span class='ocr_line' id='line_1_27' title="bbox 380 3381 1333 3469; baseline -0.006 -19"><span class='ocrx_word' id='word_1_190' title='bbox 380 3387 469 3450; x_wconf 91' lang='lat' dir='ltr'>nulla</span> <span class='ocrx_word' id='word_1_191' title='bbox 492 3388 532 3451; x_wconf 91' lang='lat' dir='ltr'>sit</span> <span class='ocrx_word' id='word_1_192' title='bbox 552 3385 704 3449; x_wconf 88' lang='lat' dir='ltr'>correctio</span> <span class='ocrx_word' id='word_1_193' title='bbox 726 3406 833 3469; x_wconf 74' lang='lat' dir='ltr'>pravae</span> <span class='ocrx_word' id='word_1_194' title='bbox 854 3381 1033 3448; x_wconf 88' lang='lat' dir='ltr'>voluntatis.</span> <span class='ocrx_word' id='word_1_195' title='bbox 1082 3382 1133 3445; x_wconf 88' lang='lat' dir='ltr'>Sic</span> <span class='ocrx_word' id='word_1_196' title='bbox 1156 3407 1233 3468; x_wconf 86' lang='lat' dir='ltr'>ergo</span> <span class='ocrx_word' id='word_1_197' title='bbox 1255 3382 1333 3449; x_wconf 89' lang='lat' dir='ltr'>Saul</span> 
     </span>
     <span class='ocr_line' id='line_1_28' title="bbox 381 3483 1333 3572; baseline -0.004 -21"><span class='ocrx_word' id='word_1_198' title='bbox 381 3488 492 3572; x_wconf 91' lang='lat' dir='ltr'>procul</span> <span class='ocrx_word' id='word_1_199' title='bbox 507 3486 605 3551; x_wconf 91' lang='lat' dir='ltr'>dubio</span> <span class='ocrx_word' id='word_1_200' title='bbox 613 3498 779 3569; x_wconf 87' lang='lat' dir='ltr'>peccatum</span> <span class='ocrx_word' id='word_1_201' title='bbox 791 3508 883 3548; x_wconf 86' lang='lat' dir='ltr'>suum</span> <span class='ocrx_word' id='word_1_202' title='bbox 895 3485 1057 3569; x_wconf 87' lang='lat' dir='ltr'>imponere</span> <span class='ocrx_word' id='word_1_203' title='bbox 1069 3483 1183 3548; x_wconf 88' lang='lat' dir='ltr'>nititur</span> <span class='ocrx_word' id='word_1_204' title='bbox 1191 3484 1333 3548; x_wconf 88' lang='lat' dir='ltr'>humeris</span> 
     </span>
     <span class='ocr_line' id='line_1_29' title="bbox 379 3585 1332 3672; baseline -0.004 -19"><span class='ocrx_word' id='word_1_205' title='bbox 379 3588 504 3663; x_wconf 88' lang='lat' dir='ltr'>alienis,</span> <span class='ocrx_word' id='word_1_206' title='bbox 519 3596 551 3650; x_wconf 91' lang='lat' dir='ltr'>et</span> <span class='ocrx_word' id='word_1_207' title='bbox 564 3586 641 3650; x_wconf 90' lang='lat' dir='ltr'>dum</span> <span class='ocrx_word' id='word_1_208' title='bbox 658 3585 785 3650; x_wconf 87' lang='lat' dir='ltr'>simulat</span> <span class='ocrx_word' id='word_1_209' title='bbox 806 3586 893 3671; x_wconf 93' lang='lat' dir='ltr'>quod</span> <span class='ocrx_word' id='word_1_210' title='bbox 914 3610 934 3650; x_wconf 90' lang='lat' dir='ltr'>a</span> <span class='ocrx_word' id='word_1_211' title='bbox 948 3607 1043 3672; x_wconf 88' lang='lat' dir='ltr'>poena</span> <span class='ocrx_word' id='word_1_212' title='bbox 1057 3585 1134 3649; x_wconf 90' lang='lat' dir='ltr'>velit</span> <span class='ocrx_word' id='word_1_213' title='bbox 1149 3608 1207 3670; x_wconf 92' lang='lat' dir='ltr'>per</span> <span class='ocrx_word' id='word_1_214' title='bbox 1222 3609 1332 3671; x_wconf 89' lang='lat' dir='ltr'>preces</span> 
     </span>
     <span class='ocr_line' id='line_1_30' title="bbox 381 3687 1332 3773; baseline -0.006 -18"><span class='ocrx_word' id='word_1_215' title='bbox 381 3688 535 3755; x_wconf 85' lang='lat' dir='ltr'>Samuelis</span> <span class='ocrx_word' id='word_1_216' title='bbox 550 3687 658 3764; x_wconf 85' lang='lat' dir='ltr'>eximi,</span> <span class='ocrx_word' id='word_1_217' title='bbox 668 3687 804 3773; x_wconf 90' lang='lat' dir='ltr'>seipsum</span> <span class='ocrx_word' id='word_1_218' title='bbox 818 3687 947 3772; x_wconf 90' lang='lat' dir='ltr'>gravius</span> <span class='ocrx_word' id='word_1_219' title='bbox 958 3700 1135 3767; x_wconf 90' lang='lat' dir='ltr'>oneratum,</span> <span class='ocrx_word' id='word_1_220' title='bbox 1146 3687 1332 3751; x_wconf 86' lang='lat' dir='ltr'>fortioribus</span> 
     </span>
     <span class='ocr_line' id='line_1_31' title="bbox 381 3787 1332 3877; baseline -0.004 -21"><span class='ocrx_word' id='word_1_221' title='bbox 381 3792 502 3877; x_wconf 89' lang='lat' dir='ltr'>laqueis</span> <span class='ocrx_word' id='word_1_222' title='bbox 521 3788 665 3869; x_wconf 88' lang='lat' dir='ltr'>involvit,</span> <span class='ocrx_word' id='word_1_223' title='bbox 680 3801 711 3853; x_wconf 91' lang='lat' dir='ltr'>et</span> <span class='ocrx_word' id='word_1_224' title='bbox 727 3788 924 3876; x_wconf 84' lang='lat' dir='ltr'>irreparabili</span> <span class='ocrx_word' id='word_1_225' title='bbox 947 3790 1102 3853; x_wconf 87' lang='lat' dir='ltr'>sententia</span> <span class='ocrx_word' id='word_1_226' title='bbox 1121 3787 1332 3852; x_wconf 90' lang='lat' dir='ltr'>damnationis</span> 
     </span>
     <span class='ocr_line' id='line_1_32' title="bbox 379 3891 1332 3978; baseline -0.005 -19"><span class='ocrx_word' id='word_1_227' title='bbox 379 3892 537 3978; x_wconf 86' lang='lat' dir='ltr'>astringit.</span> <span class='ocrx_word' id='word_1_228' title='bbox 584 3891 736 3977; x_wconf 88' lang='lat' dir='ltr'>Sequitur</span> <span class='ocrx_word' id='word_1_229' title='bbox 750 3891 853 3956; x_wconf 91' lang='lat' dir='ltr'>enim:</span> <span class='ocrx_word' id='word_1_230' title='bbox 879 3896 923 3956; x_wconf 86' lang='lat' dir='ltr'>Et</span> <span class='ocrx_word' id='word_1_231' title='bbox 939 3914 1110 3956; x_wconf 89' lang='lat' dir='ltr'>conversus</span> <span class='ocrx_word' id='word_1_232' title='bbox 1131 3904 1179 3956; x_wconf 89' lang='lat' dir='ltr'>est</span> <span class='ocrx_word' id='word_1_233' title='bbox 1202 3892 1332 3958; x_wconf 87' lang='lat' dir='ltr'>Samuel</span> 
     </span>
     <span class='ocr_line' id='line_1_33' title="bbox 379 3992 1332 4078; baseline -0.008 -16"><span class='ocrx_word' id='word_1_234' title='bbox 379 4010 417 4062; x_wconf 91' lang='lat' dir='ltr'>ut</span> <span class='ocrx_word' id='word_1_235' title='bbox 432 3994 542 4059; x_wconf 90' lang='lat' dir='ltr'>abiret.</span> <span class='ocrx_word' id='word_1_236' title='bbox 590 3992 649 4056; x_wconf 91' lang='lat' dir='ltr'>Ille</span> <span class='ocrx_word' id='word_1_237' title='bbox 670 4004 775 4056; x_wconf 90' lang='lat' dir='ltr'>autem</span> <span class='ocrx_word' id='word_1_238' title='bbox 796 3992 1006 4078; x_wconf 87' lang='lat' dir='ltr'>apprehendit</span> <span class='ocrx_word' id='word_1_239' title='bbox 1028 3994 1243 4058; x_wconf 89' lang='lat' dir='ltr'>summitatem</span> <span class='ocrx_word' id='word_1_240' title='bbox 1265 3992 1332 4078; x_wconf 90' lang='lat' dir='ltr'>pal-</span> 
     </span>
     <span class='ocr_line' id='line_1_34' title="bbox 379 4091 1330 4182; baseline -0.005 -22"><span class='ocrx_word' id='word_1_241' title='bbox 379 4096 413 4160; x_wconf 92' lang='lat' dir='ltr'>lii</span> <span class='ocrx_word' id='word_1_242' title='bbox 428 4096 509 4182; x_wconf 71' lang='lat' dir='ltr'>ejuS,</span> <span class='ocrx_word' id='word_1_243' title='bbox 525 4117 598 4180; x_wconf 84' lang='lat' dir='ltr'>quae</span> <span class='ocrx_word' id='word_1_244' title='bbox 614 4093 708 4156; x_wconf 90' lang='lat' dir='ltr'>scissa</span> <span class='ocrx_word' id='word_1_245' title='bbox 722 4105 779 4156; x_wconf 91' lang='lat' dir='ltr'>est.</span> <span class='ocrx_word' id='word_1_246' title='bbox 795 4096 840 4157; x_wconf 85' lang='lat' dir='ltr'>Et</span> <span class='ocrx_word' id='word_1_247' title='bbox 857 4091 900 4156; x_wconf 92' lang='lat' dir='ltr'>ait</span> <span class='ocrx_word' id='word_1_248' title='bbox 913 4092 952 4155; x_wconf 92' lang='lat' dir='ltr'>ad</span> <span class='ocrx_word' id='word_1_249' title='bbox 969 4115 1040 4156; x_wconf 87' lang='lat' dir='ltr'>eum</span> <span class='ocrx_word' id='word_1_250' title='bbox 1055 4092 1200 4155; x_wconf 88' lang='lat' dir='ltr'>Samuel:</span> <span class='ocrx_word' id='word_1_251' title='bbox 1228 4091 1330 4156; x_wconf 88' lang='lat' dir='ltr'>Scidit</span> 
     </span>
     <span class='ocr_line' id='line_1_35' title="bbox 378 4191 1329 4281; baseline -0.011 -18"><span class='ocrx_word' id='word_1_252' title='bbox 378 4197 536 4263; x_wconf 92' lang='lat' dir='ltr'>Dominus</span> <span class='ocrx_word' id='word_1_253' title='bbox 552 4217 685 4281; x_wconf 81' lang='lat' dir='ltr'>regnum</span> <span class='ocrx_word' id='word_1_254' title='bbox 703 4194 800 4257; x_wconf 91' lang='lat' dir='ltr'>Israel</span> <span class='ocrx_word' id='word_1_255' title='bbox 824 4217 842 4257; x_wconf 90' lang='lat' dir='ltr'>a</span> <span class='ocrx_word' id='word_1_256' title='bbox 864 4207 895 4257; x_wconf 90' lang='lat' dir='ltr'>te</span> <span class='ocrx_word' id='word_1_257' title='bbox 918 4192 1024 4272; x_wconf 89' lang='lat' dir='ltr'>bodie,</span> <span class='ocrx_word' id='word_1_258' title='bbox 1040 4206 1071 4256; x_wconf 91' lang='lat' dir='ltr'>et</span> <span class='ocrx_word' id='word_1_259' title='bbox 1094 4192 1227 4257; x_wconf 87' lang='lat' dir='ltr'>tradidit</span> <span class='ocrx_word' id='word_1_260' title='bbox 1247 4191 1329 4254; x_wconf 88' lang='lat' dir='ltr'>illud</span> 
     </span>
     <span class='ocr_line' id='line_1_36' title="bbox 378 4294 1332 4396; baseline -0.009 -29"><span class='ocrx_word' id='word_1_261' title='bbox 378 4303 523 4396; x_wconf 87' lang='lat' dir='ltr'>proximo</span> <span class='ocrx_word' id='word_1_262' title='bbox 540 4313 595 4366; x_wconf 89' lang='lat' dir='ltr'>tuo</span> <span class='ocrx_word' id='word_1_263' title='bbox 610 4297 731 4363; x_wconf 90' lang='lat' dir='ltr'>meliori</span> <span class='ocrx_word' id='word_1_264' title='bbox 747 4311 787 4362; x_wconf 86' lang='lat' dir='ltr'>te.</span> <span class='ocrx_word' id='word_1_265' title='bbox 835 4299 933 4361; x_wconf 92' lang='lat' dir='ltr'>Porro</span> <span class='ocrx_word' id='word_1_266' title='bbox 949 4295 1164 4382; x_wconf 90' lang='lat' dir='ltr'>triumphator</span> <span class='ocrx_word' id='word_1_267' title='bbox 1179 4294 1213 4358; x_wconf 90' lang='lat' dir='ltr'>in</span> <span class='ocrx_word' id='word_1_268' title='bbox 1230 4296 1332 4371; x_wconf 82' lang='lat' dir='ltr'>lsrael</span> 
     </span>
    </p>
   </div>
   <div class='ocr_carea' id='block_1_3' title="bbox 0 0 1696 5234">
    <p class='ocr_par' dir='ltr' id='par_1_3' title="bbox 0 0 1696 5234">
     <span class='ocr_line' id='line_1_37' title="bbox 0 0 1696 5234; baseline 0 2"><span class='ocrx_word' id='word_1_269' title='bbox 0 0 1696 5234; x_wconf 95' lang='lat' dir='ltr'> </span> 
     </span>
    </p>
   </div>
  </div>
 </body>
</html>
