3384 5234
424 675 466 732 72
684 683 819 729 scaurus
836 684 1115 731 sanasasrunnsrs
1239 671 1320 751 [mu.
1338 688 1377 733 11.

423 832 673 921 praetendebant,
692 834 773 900 utin
790 858 822 899 se
837 859 967 922 quoque
987 837 1130 901 beneficii
1150 840 1231 919 loco,
1246 862 1375 904 conver·

424 948 526 1000 terent
550 934 661 1011 scelus,
677 959 743 1021 quo
765 936 883 1001 scilicet
905 938 1100 1004 cruciatibus
1122 939 1216 1003 famis
1236 940 1375 1003 velocius

422 1036 681 1112 absolverentur3
713 1036 767 1100 sed
792 1060 875 1100 novo
898 1039 1097 1104 crudelitatis
1121 1062 1245 1124 genere,
1267 1063 1374 1104 necem

423 1160 520 1223 quum
558 1151 670 1225 sponte
698 1138 888 1215 inferebant,
919 1140 945 1203 si
976 1155 1176 1225 rogarentur,
1204 1142 1374 1226 negabant.

423 1243 532 1316 Quum
555 1262 661 1307 tamen
685 1241 908 1327 unusquisque
927 1242 1141 1308 deficientium
1159 1266 1232 1309 cum
1251 1244 1373 1329 gemitu

422 1357 621 1431 retorqueret
635 1344 743 1410 oculos
757 1343 797 1407 ad
815 1343 981 1429 templum,
997 1366 1060 1407 non
1076 1345 1117 1409 de
1131 1359 1230 1412 morte
1246 1346 1375 1433 propria

423 1446 544 1524 dolens,
569 1447 623 1511 sed
650 1447 690 1511 de
716 1445 907 1532 impunitate
932 1446 1131 1532 praedonum,
1158 1471 1240 1534 quos
1265 1470 1375 1533 super·

422 1553 513 1616 stites
528 1552 757 1637 relinquebant.
804 1550 849 1613 Et
867 1548 971 1635 primo
994 1548 1123 1634 quidem
1141 1566 1271 1637 sumptu
1291 1550 1373 1635 pub-

423 1653 495 1731 lic0,
512 1655 643 1740 sepelire
665 1666 808 1717 mortuos
824 1652 998 1736 jusserant,
1017 1652 1142 1716 foetoris
1162 1652 1373 1717 intolerantia.

424 1758 471 1821 Ut
498 1779 573 1821 vero
598 1778 720 1821 omnem
752 1768 893 1819 sumtum
920 1757 1018 1840 coepit
1044 1758 1169 1819 vincere
1199 1754 1374 1819 multitudo

422 1858 634 1935 morientium,
661 1857 700 1921 de
726 1879 817 1921 muro
843 1856 997 1919 cadavera
1026 1856 1281 1943 praecipitabant.
1329 1862 1373 1921 At

421 1982 521 2043 quum
532 1961 629 2024 Titus
638 1958 826 2022 circumiens
835 1957 1020 2043 pervidisset
1030 1958 1166 2043 repletas
1176 1972 1371 2024 mortuorum

419 2058 626 2124 cadaveribus
647 2059 752 2135 valles,
769 2073 801 2123 et
824 2059 956 2123 humani
978 2062 1117 2145 corporis
1140 2060 1214 2123 tabo
1236 2059 1371 2144 patriam

419 2174 533 2225 terram
551 2161 659 2248 rigari,
675 2184 747 2225 cum
764 2160 885 2246 ingenti
900 2161 1035 2245 gemitu,
1051 2162 1181 2226 elevatis
1195 2162 1235 2225 ad
1254 2163 1370 2226 coelum

419 2262 584 2325 manibus:
617 2266 721 2326 Deum
745 2262 875 2328 invocat
898 2275 1022 2341 testem,
1037 2262 1097 2325 hoc
1119 2266 1169 2327 sui
1191 2285 1286 2327 causa
1308 2286 1370 2327 non

417 2365 595 2448 provenire,
622 2365 677 2428 sed
704 2386 736 2426 se
760 2364 822 2426 ista
848 2363 1002 2427 sustinere
1027 2363 1174 2427 invitum.
1227 2366 1272 2428 Et
1298 2380 1370 2452 post

417 2463 583 2550 aliquanta
598 2468 715 2529 iterum
727 2466 750 2526 J
752 2464 890 2551 osepbus
903 2464 978 2528 talia
993 2465 1141 2549 quaedam
1158 2467 1370 2552 prosequitur.

421 2565 493 2629 Non
504 2567 687 2646 cunctabor,
697 2566 816 2652 inquit,
827 2566 970 2651 proferre
982 2567 1066 2651 quod
1080 2566 1191 2631 sentio.
1222 2569 1369 2634 Arbitror

419 2672 501 2736 enim
525 2671 613 2757 quod
630 2672 737 2751 etiam,
752 2670 777 2733 si
800 2670 950 2735 adversus
965 2669 1078 2756 impios
1100 2670 1196 2748 cives,
1212 2675 1371 2736 Romano-

418 2797 488 2839 rum
509 2773 672 2861 paulisper
694 2796 781 2835 arma
802 2786 984 2848 cessassent,
1000 2786 1056 2837 aut
1078 2772 1169 2837 hiatu
1192 2785 1297 2848 terrae,
1313 2787 1370 2840 aut

418 2899 512 2960 aquae
526 2873 660 2955 diluvio,
674 2889 730 2940 aut
746 2873 962 2940 Sodomitanis
977 2875 1118 2959 ignibus,
1134 2888 1166 2939 et
1181 2875 1371 2941 fulminibus

417 2978 543 3043 coelitus
568 2978 671 3058 tortis,
698 2977 890 3065 supplicium
918 2978 1028 3042 civitas
1057 2978 1270 3065 dependisset,
1295 3002 1369 3064 quae

416 3080 519 3145 multo
545 3080 764 3145 infaustiorem
790 3080 863 3157 illis,
886 3082 942 3167 qui
969 3081 1038 3147 lraec
1064 3080 1205 3169 perpessi
1232 3096 1317 3159 sunt,
1338 3092 1371 3145 et

415 3184 598 3266 nequiorem
615 3181 756 3245 virorum
781 3195 966 3266 praesentem
984 3182 1065 3245 banc
1087 3181 1271 3267 protulisset
1294 3192 1369 3245 aeta-

371 3317 390 3353 0
416 3296 490 3363 tem,
506 3306 565 3367 pro
581 3282 699 3366 quibus
712 3283 814 3345 omnis
828 3305 906 3365 gens
928 3284 1048 3365 pariter
1069 3296 1244 3346 mereretur
1265 3283 1367 3348 extin-

414 3386 481 3469 gui.
529 3383 590 3447 Sed
612 3383 643 3444 in
659 3394 749 3444 sexto
765 3381 846 3443 libro
868 3382 909 3443 de
923 3382 1041 3445 eisdem
1059 3383 1135 3446 talia
1157 3385 1277 3450 scribit.
1322 3391 1367 3451 Et

413 3506 535 3559 eorum,
550 3482 668 3565 inquit,
684 3480 740 3565 qui
763 3501 820 3564 per
842 3489 940 3543 totam
964 3481 1123 3545 civitatem
1147 3484 1241 3547 famis
1262 3487 1369 3552 inedia

413 3582 711 3666 corrumpebantur,
732 3579 908 3645 multitudo
931 3581 1171 3646 innumerabilis
1193 3599 1272 3664 erat,
1287 3611 1367 3670 quo-

413 3708 484 3749 rum
500 3706 557 3747 nec
572 3681 723 3768 explicari
738 3681 863 3746 miseria
879 3696 994 3769 potest.
1041 3686 1103 3748 Per
1122 3686 1264 3770 singulas
1279 3710 1366 3752 nam-

412 3810 476 3873 que
490 3785 613 3861 domoS,
630 3784 732 3849 sicubi
748 3785 871 3871 aliquid
887 3786 999 3850 luisset
1014 3786 1077 3850 cibi
1093 3800 1265 3872 repertum,
1282 3788 1368 3855 bella

412 3888 574 3967 continuo,
595 3899 628 3951 et
650 3890 751 3953 caedes
773 3888 857 3952 inter
874 3912 976 3967 caros,
991 3889 1142 3976 ipsosque
1164 3903 1310 3975 parentes
1329 3916 1365 3956 ac

411 3992 529 4055 liberos
550 3994 771 4065 nascebantur,
788 3990 866 4053 dum
889 4014 950 4054 non
976 3991 1110 4055 solume
1133 3992 1291 4069 manibus,
1308 3996 1362 4058 sed

412 4118 451 4157 ex
467 4092 543 4180 ipsis
559 4092 652 4157 etiam
669 4092 827 4169 saucibus
843 4092 976 4156 invicem
1002 4093 1109 4158 cibum
1135 4117 1244 4180 rapere
1267 4107 1366 4161 certa-

412 4197 497 4261 bant.
544 4196 640 4259 Fides
666 4209 773 4260 autem
800 4219 857 4259 nec
882 4196 1014 4261 mortuis
1037 4210 1123 4270 erat;
1158 4197 1211 4261 sed
1235 4210 1267 4262 et
1292 4196 1365 4283 ipsi,

412 4323 510 4389 quum
523 4300 589 4387 jam
602 4298 747 4386 spiritum
759 4299 954 4377 exhalarent,
964 4300 1243 4386 perscrutabantur
1255 4324 1273 4364 a
1284 4325 1366 4387 prae-
