3384 5234
383 676 451 723 ose.
468 661 515 739 rc]
734 678 987 724 ronvoasrrcus.
1266 665 1324 723 301

381 825 490 903 cuerit,
502 850 560 913 pro
572 852 687 915 magno
699 843 821 915 reputa.
855 829 888 891 Si
900 827 1082 891 schedulam
1095 850 1157 892 non
1169 828 1327 907 attuleris,

378 926 498 994 frustra
519 932 656 996 accedes.
704 931 737 994 Si
759 948 867 995 autem
885 929 1044 1009 attuleris,
1059 930 1181 995 inutilis
1195 945 1255 1011 est,
1270 955 1327 997 nec

378 1032 557 1116 acquiescet
573 1047 609 1097 ut
624 1055 737 1096 manus
752 1031 868 1095 nobilis
888 1030 966 1095 vitio
987 1032 1178 1099 membranae
1193 1034 1328 1119 degene-

379 1144 436 1195 ret.
468 1134 555 1207 Quid
573 1136 697 1197 multa?
723 1135 819 1196 Suam
831 1154 955 1196 necesse
966 1146 1013 1197 est
1029 1133 1214 1220 comparari,
1224 1158 1325 1222 quum

380 1253 437 1294 nec
457 1256 564 1318 opera,
580 1257 637 1298 nec
658 1234 809 1311 calamus,
829 1246 886 1299 aut
907 1234 1044 1320 sepiolae,
1058 1248 1115 1301 aut
1136 1236 1237 1321 nigrae
1257 1238 1326 1301 loli-

375 1332 458 1415 ginis
485 1356 609 1410 succus,
637 1334 695 1398 tibi
722 1346 844 1398 constet
874 1335 1047 1419 inemptos.
1092 1335 1155 1399 Sed
1182 1349 1214 1400 et
1240 1337 1326 1422 ipsas

376 1431 523 1516 syllabas,
538 1447 571 1500 et
583 1435 699 1522 apiceS,
712 1435 773 1500 nisi
788 1457 862 1499 eum
878 1434 937 1500 tibi
953 1435 1127 1522 propitium
1144 1436 1266 1513 feceris,
1281 1438 1326 1503 sic

377 1532 601 1621 distorquebit,
621 1546 669 1601 tot
691 1538 749 1602 tibi
772 1538 941 1602 verborum
961 1549 1057 1622 ponet
1079 1538 1266 1621 tendiculas,
1288 1554 1324 1606 ut

376 1658 434 1722 pro
456 1662 533 1723 poce
558 1640 686 1719 bellum,
710 1664 768 1728 pro
791 1642 899 1727 quiete
920 1639 1072 1725 ligitium,
1093 1641 1186 1706 amici
1207 1642 1325 1710 instru-

375 1754 484 1805 mento
509 1742 656 1809 videatur
681 1744 861 1809 inscribere.
909 1743 942 1806 Si
968 1743 1131 1829 cingulum
1155 1744 1239 1809 forte
1265 1746 1324 1812 tibi

377 1846 540 1907 venustius
559 1846 666 1923 fuerit,
683 1846 912 1910 siincisorium
930 1843 1047 1929 aptius,
1062 1842 1088 1907 si
1108 1845 1188 1930 quid
1210 1844 1243 1908 in
1265 1848 1324 1912 mi·

375 1956 456 2006 nuta
481 1945 669 2031 supellectili
699 1946 873 2022 decentius,
899 1944 996 2008 rebus
1021 1944 1091 2028 ejus
1120 1965 1323 2023 connumera,

375 2042 434 2106 nisi
450 2045 509 2107 tibi
525 2046 627 2131 perire
643 2046 720 2111 velis
734 2068 875 2133 operam,
887 2056 918 2108 et
933 2044 1118 2130 impensam.
1156 2046 1227 2109 Aut
1238 2047 1321 2110 enim

375 2144 522 2227 precibus
536 2148 793 2233 extorquebitur,
804 2159 860 2211 aut
876 2168 929 2210 eas
941 2144 1130 2209 liberalitate
1138 2147 1323 2232 praevenies.

376 2246 522 2311 Tandem
544 2248 662 2333 pileum
688 2249 909 2335 qualecunque
930 2247 981 2322 sit,
1004 2246 1182 2329 asportabit
1202 2247 1323 2327 amicus

374 2346 405 2409 in
427 2350 607 2414 memoriam
629 2350 687 2415 tui.
731 2354 803 2416 Jam
819 2372 838 2412 a
857 2351 956 2412 Cosso
975 2345 1162 2429 digrederis,
1184 2347 1239 2411 sed
1262 2349 1322 2415 tibi

372 2449 454 2533 ignis
476 2455 680 2536 purgatorius
705 2450 859 2528 imminet,
885 2461 1027 2534 superest
1050 2447 1197 2524 Veiento,
1223 2472 1322 2535 quem

372 2550 475 2615 multa
490 2551 673 2615 sollicitabis
693 2549 855 2628 instantia,
870 2560 902 2611 et
921 2570 1037 2629 magno
1051 2546 1185 2611 artificio
1199 2564 1321 2635 gestus,

374 2674 515 2737 precum,
534 2664 565 2716 et
588 2673 769 2732 munerum,
789 2663 826 2715 ut
850 2661 882 2714 te
901 2650 1008 2713 clauso
1027 2648 1143 2713 labello
1163 2651 1321 2738 respiciat.

375 2754 471 2816 Tunc
496 2752 537 2816 de
562 2753 694 2839 singulis
720 2753 824 2818 verbis
849 2751 882 2815 in
908 2749 1074 2815 consilium
1100 2751 1178 2830 itur,
1201 2752 1321 2820 delibe-

373 2854 487 2918 rationi
499 2855 716 2941 praescribitur
725 2868 861 2941 tempus,
869 2866 902 2919 et
914 2853 1018 2938 apices
1027 2852 1144 2940 singuli
1155 2867 1321 2940 ponuntur

369 2955 403 3018 in
419 2967 548 3021 statera.
592 2958 662 3023 Nisi
682 2980 754 3022 eum
777 2954 1002 3044 praemulseris,
1018 2963 1162 3020 occurret
1176 2955 1234 3020 tibi
1255 2978 1320 3022 non

371 3058 508 3123 fideliter
523 3064 567 3125 rei
581 3074 681 3146 gestae
696 3071 848 3145 concepta
862 3058 969 3136 series,
984 3068 1041 3120 aut
1064 3058 1168 3143 stylus
1181 3057 1321 3124 incultus

370 3162 484 3239 oberit,
502 3177 558 3228 aut
579 3187 598 3228 a
618 3164 747 3250 publica
766 3163 868 3226 forma
891 3157 1006 3224 notarii
1026 3157 1075 3222 rel
1097 3159 1251 3240 scriniarii
1269 3160 1319 3225 di·

370 3278 495 3329 vertens
520 3266 707 3351 benignitas,
728 3280 785 3329 aut
811 3261 1005 3349 negligentia
1026 3260 1121 3347 juris,
1144 3274 1177 3327 et
1202 3260 1320 3349 aliquis

370 3390 493 3453 semper
518 3369 622 3433 nodus
647 3372 782 3455 pecunia
808 3366 933 3431 vindice
958 3362 1126 3450 indigebit.
1171 3366 1220 3430 Ut
1246 3386 1319 3431 vero

369 3469 534 3533 minimum
550 3471 657 3549 laedat,
672 3475 768 3556 longa
782 3466 1002 3556 expectatione
1017 3466 1224 3553 torqueberis,
1240 3467 1318 3532 dum

368 3571 517 3635 differtur
531 3572 618 3658 quod
634 3572 742 3656 negari
764 3593 827 3634 non
844 3580 960 3655 potest.
1004 3569 1151 3653 Experto
1166 3566 1269 3651 crede,
1284 3568 1317 3632 in

368 3694 482 3737 manus
497 3695 607 3737 eorum
629 3672 741 3736 millies
763 3669 871 3748 incidi,
886 3680 917 3731 et
940 3677 977 3729 ut
998 3663 1124 3751 aliquid
1145 3665 1186 3729 de
1200 3667 1318 3733 fabulis

368 3790 563 3856 mutuemur,
578 3776 716 3861 portitor
736 3772 867 3838 immitis
892 3769 1030 3847 Charon,
1046 3767 1104 3853 qui
1124 3770 1242 3834 nemini
1262 3794 1318 3857 pe·

368 3879 470 3963 percit
494 3900 646 3963 unquam,
661 3877 730 3942 istis
750 3875 842 3960 longe
861 3869 1044 3936 clementior
1062 3880 1119 3934 est.
1164 3868 1255 3957 Stipe
1277 3872 1317 3936 si-

367 3979 506 4064 quidem,
523 3979 573 4044 vel
589 3979 703 4044 triente
718 3976 796 4043 solet
812 3998 878 4039 esse
892 3982 1070 4037 contentus.
1106 3974 1150 4036 At
1164 3970 1219 4036 isti
1234 3995 1317 4037 asses

367 4080 507 4164 integros
522 4080 579 4145 sibi
597 4079 803 4166 multiplicari
813 4076 942 4163 jubent·
978 4073 1042 4141 Sed
1058 4072 1137 4161 quid
1153 4086 1212 4151 est,
1228 4075 1316 4159 quod

366 4183 453 4267 apud
462 4183 594 4249 curiales
603 4182 708 4246 omnia
719 4203 835 4267 queror
845 4200 911 4243 esse
922 4177 1164 4266 venalia,quum
1173 4199 1210 4240 ea
1220 4178 1314 4241 etiam

366 4307 440 4370 quse
464 4307 526 4350 non
552 4297 634 4364 sunt,
661 4304 764 4347 rerum
793 4280 911 4346 scilicet
935 4279 1141 4365 privationes,
1167 4276 1316 4342 venalitio
