<?xml version="1.0" encoding="UTF-8"?>
<!DOCTYPE html PUBLIC "-//W3C//DTD XHTML 1.0 Transitional//EN"
    "http://www.w3.org/TR/xhtml1/DTD/xhtml1-transitional.dtd">
<html xmlns="http://www.w3.org/1999/xhtml" xml:lang="en" lang="en">
 <head>
  <title>
</title>
<meta http-equiv="Content-Type" content="text/html;charset=utf-8" />
  <meta name='ocr-system' content='tesseract 3.04.00' />
  <meta name='ocr-capabilities' content='ocr_page ocr_carea ocr_par ocr_line ocrx_word'/>
</head>
<body>
  <div class='ocr_page' id='page_1' title='image "./joannissaresber06johngoog_0338.png"; bbox 0 0 3384 5234; ppageno 0'>
   <div class='ocr_carea' id='block_1_1' title="bbox 325 682 1275 761">
    <p class='ocr_par' dir='ltr' id='par_1_1' title="bbox 325 682 1275 761">
     <span class='ocr_line' id='line_1_1' title="bbox 325 682 1275 761; baseline 0.002 -19"><span class='ocrx_word' id='word_1_1' title='bbox 325 699 396 746; x_wconf 78' lang='lat' dir='ltr'><strong>cae.</strong></span> <span class='ocrx_word' id='word_1_2' title='bbox 412 682 480 761; x_wconf 91' lang='lat' dir='ltr'><strong>xv.]</strong></span> <span class='ocrx_word' id='word_1_3' title='bbox 680 699 935 746; x_wconf 79' lang='lat' dir='ltr'><strong>rourcaumcus.</strong></span> <span class='ocrx_word' id='word_1_4' title='bbox 1212 686 1275 745; x_wconf 74' lang='lat'><strong>329</strong></span> 
     </span>
    </p>
   </div>
   <div class='ocr_carea' id='block_1_2' title="bbox 324 852 1279 2053">
    <p class='ocr_par' dir='ltr' id='par_1_2' title="bbox 324 852 1279 1651">
     <span class='ocr_line' id='line_1_2' title="bbox 325 852 1276 938; baseline -0.004 -20"><span class='ocrx_word' id='word_1_5' title='bbox 325 856 449 938; x_wconf 90' lang='lat' dir='ltr'><strong>operari</strong></span> <span class='ocrx_word' id='word_1_6' title='bbox 463 855 496 916; x_wconf 92' lang='lat' dir='ltr'><strong>in</strong></span> <span class='ocrx_word' id='word_1_7' title='bbox 512 874 614 917; x_wconf 89' lang='lat' dir='ltr'><strong>messe</strong></span> <span class='ocrx_word' id='word_1_8' title='bbox 631 852 773 930; x_wconf 85' lang='lat' dir='ltr'>Domini,</span> <span class='ocrx_word' id='word_1_9' title='bbox 796 863 831 915; x_wconf 92' lang='lat' dir='ltr'><strong>ut</strong></span> <span class='ocrx_word' id='word_1_10' title='bbox 850 853 963 916; x_wconf 89' lang='lat' dir='ltr'><strong>merito</strong></span> <span class='ocrx_word' id='word_1_11' title='bbox 983 852 1058 916; x_wconf 90' lang='lat' dir='ltr'><strong>fidei</strong></span> <span class='ocrx_word' id='word_1_12' title='bbox 1084 863 1116 915; x_wconf 91' lang='lat' dir='ltr'><strong>et</strong></span> <span class='ocrx_word' id='word_1_13' title='bbox 1143 852 1276 930; x_wconf 78' lang='lat' dir='ltr'><strong>virtutiS,</strong></span> 
     </span>
     <span class='ocr_line' id='line_1_3' title="bbox 324 954 1275 1039; baseline -0.003 -21"><span class='ocrx_word' id='word_1_14' title='bbox 324 968 410 1020; x_wconf 87' lang='lat' dir='ltr'><strong>recte</strong></span> <span class='ocrx_word' id='word_1_15' title='bbox 426 955 525 1018; x_wconf 79' lang='lat' dir='ltr'><strong>videri</strong></span> <span class='ocrx_word' id='word_1_16' title='bbox 541 964 650 1039; x_wconf 90' lang='lat' dir='ltr'><strong>posset</strong></span> <span class='ocrx_word' id='word_1_17' title='bbox 665 954 788 1017; x_wconf 85' lang='lat' dir='ltr'><strong>vineam</strong></span> <span class='ocrx_word' id='word_1_18' title='bbox 804 954 903 1038; x_wconf 86' lang='lat' dir='ltr'><strong>patris</strong></span> <span class='ocrx_word' id='word_1_19' title='bbox 916 954 950 1015; x_wconf 95' lang='lat' dir='ltr'><strong>in</strong></span> <span class='ocrx_word' id='word_1_20' title='bbox 967 975 1063 1017; x_wconf 91' lang='lat' dir='ltr'><strong>mauu</strong></span> <span class='ocrx_word' id='word_1_21' title='bbox 1077 975 1185 1017; x_wconf 85' lang='lat' dir='ltr'><strong>eorum</strong></span> <span class='ocrx_word' id='word_1_22' title='bbox 1201 974 1275 1036; x_wconf 88' lang='lat' dir='ltr'><strong>pru·</strong></span> 
     </span>
     <span class='ocr_line' id='line_1_4' title="bbox 326 1056 1278 1133; baseline -0.004 -13"><span class='ocrx_word' id='word_1_23' title='bbox 326 1057 439 1120; x_wconf 88' lang='lat' dir='ltr'><strong>denter</strong></span> <span class='ocrx_word' id='word_1_24' title='bbox 460 1068 493 1119; x_wconf 92' lang='lat' dir='ltr'><strong>et</strong></span> <span class='ocrx_word' id='word_1_25' title='bbox 514 1056 633 1119; x_wconf 81' lang='lat' dir='ltr'>utiliter</span> <span class='ocrx_word' id='word_1_26' title='bbox 654 1057 853 1119; x_wconf 88' lang='lat' dir='ltr'><strong>collocatam.</strong></span> <span class='ocrx_word' id='word_1_27' title='bbox 898 1057 941 1118; x_wconf 89' lang='lat' dir='ltr'><strong>At</strong></span> <span class='ocrx_word' id='word_1_28' title='bbox 963 1056 1018 1118; x_wconf 90' lang='lat' dir='ltr'><strong>alii</strong></span> <span class='ocrx_word' id='word_1_29' title='bbox 1039 1057 1087 1119; x_wconf 89' lang='lat' dir='ltr'><strong>sic</strong></span> <span class='ocrx_word' id='word_1_30' title='bbox 1105 1067 1278 1133; x_wconf 84' lang='lat' dir='ltr'><strong>versantur,</strong></span> 
     </span>
     <span class='ocr_line' id='line_1_5' title="bbox 325 1158 1277 1224; baseline -0.004 -1"><span class='ocrx_word' id='word_1_31' title='bbox 325 1161 408 1224; x_wconf 87' lang='lat' dir='ltr'><strong>acsi</strong></span> <span class='ocrx_word' id='word_1_32' title='bbox 428 1159 469 1221; x_wconf 88' lang='lat' dir='ltr'><strong>ad</strong></span> <span class='ocrx_word' id='word_1_33' title='bbox 499 1159 629 1221; x_wconf 86' lang='lat' dir='ltr'><strong>Thebas</strong></span> <span class='ocrx_word' id='word_1_34' title='bbox 650 1158 683 1219; x_wconf 91' lang='lat' dir='ltr'><strong>in</strong></span> <span class='ocrx_word' id='word_1_35' title='bbox 705 1158 830 1223; x_wconf 87' lang='lat' dir='ltr'><strong>facinus</strong></span> <span class='ocrx_word' id='word_1_36' title='bbox 856 1159 1045 1223; x_wconf 87' lang='lat' dir='ltr'><strong>excitandas</strong></span> <span class='ocrx_word' id='word_1_37' title='bbox 1071 1159 1212 1221; x_wconf 88' lang='lat' dir='ltr'><strong>mittatur</strong></span> <span class='ocrx_word' id='word_1_38' title='bbox 1236 1158 1277 1219; x_wconf 89' lang='lat' dir='ltr'><strong>ab</strong></span> 
     </span>
     <span class='ocr_line' id='line_1_6' title="bbox 325 1259 1276 1343; baseline -0.002 -20"><span class='ocrx_word' id='word_1_39' title='bbox 325 1260 434 1323; x_wconf 89' lang='lat' dir='ltr'><strong>inseris</strong></span> <span class='ocrx_word' id='word_1_40' title='bbox 460 1259 666 1341; x_wconf 82' lang='lat' dir='ltr'><strong>&#39;Ihesiphoue</strong></span> <span class='ocrx_word' id='word_1_41' title='bbox 693 1262 742 1323; x_wconf 86' lang='lat' dir='ltr'><strong>vel</strong></span> <span class='ocrx_word' id='word_1_42' title='bbox 768 1263 919 1343; x_wconf 75' lang='lat' dir='ltr'><strong>Megaera.</strong></span> <span class='ocrx_word' id='word_1_43' title='bbox 965 1264 1051 1325; x_wconf 87' lang='lat' dir='ltr'><strong>Nam</strong></span> <span class='ocrx_word' id='word_1_44' title='bbox 1073 1262 1137 1323; x_wconf 87' lang='lat' dir='ltr'><strong>fere</strong></span> <span class='ocrx_word' id='word_1_45' title='bbox 1162 1260 1210 1322; x_wconf 87' lang='lat' dir='ltr'><strong>sic</strong></span> <span class='ocrx_word' id='word_1_46' title='bbox 1236 1261 1276 1321; x_wconf 91' lang='lat' dir='ltr'><strong>ab</strong></span> 
     </span>
     <span class='ocr_line' id='line_1_7' title="bbox 326 1361 1279 1444; baseline 0 -21"><span class='ocrx_word' id='word_1_47' title='bbox 326 1364 398 1425; x_wconf 86' lang='lat' dir='ltr'><strong>aula</strong></span> <span class='ocrx_word' id='word_1_48' title='bbox 411 1373 520 1424; x_wconf 87' lang='lat' dir='ltr'><strong>contra</strong></span> <span class='ocrx_word' id='word_1_49' title='bbox 531 1361 675 1424; x_wconf 90' lang='lat' dir='ltr'><strong>omnium</strong></span> <span class='ocrx_word' id='word_1_50' title='bbox 688 1363 926 1437; x_wconf 68' lang='lat' dir='ltr'><strong>verumetiam,</strong></span> <span class='ocrx_word' id='word_1_51' title='bbox 938 1364 978 1426; x_wconf 90' lang='lat' dir='ltr'><strong>ad</strong></span> <span class='ocrx_word' id='word_1_52' title='bbox 991 1363 1137 1427; x_wconf 74' lang='lat' dir='ltr'><strong>ecclesiae</strong></span> <span class='ocrx_word' id='word_1_53' title='bbox 1149 1361 1279 1444; x_wconf 89' lang='lat' dir='ltr'><strong>publica</strong></span> 
     </span>
     <span class='ocr_line' id='line_1_8' title="bbox 328 1463 879 1547; baseline 0.002 -21"><span class='ocrx_word' id='word_1_54' title='bbox 328 1463 435 1527; x_wconf 89' lang='lat' dir='ltr'><strong>officia</strong></span> <span class='ocrx_word' id='word_1_55' title='bbox 450 1475 664 1525; x_wconf 89' lang='lat' dir='ltr'><strong>accesserunt.</strong></span> <span class='ocrx_word' id='word_1_56' title='bbox 709 1463 806 1547; x_wconf 91' lang='lat' dir='ltr'><strong>Apud</strong></span> <span class='ocrx_word' id='word_1_57' title='bbox 820 1464 879 1527; x_wconf 90' lang='lat' dir='ltr'><strong>hos</strong></span> 
     </span>
     <span class='ocr_line' id='line_1_9' title="bbox 499 1577 1061 1651; baseline 0.007 -23"><span class='ocrx_word' id='word_1_58' title='bbox 499 1577 627 1648; x_wconf 83' lang='lat' dir='ltr'><strong>judicium</strong></span> <span class='ocrx_word' id='word_1_59' title='bbox 638 1577 703 1629; x_wconf 91' lang='lat' dir='ltr'><strong>nihil</strong></span> <span class='ocrx_word' id='word_1_60' title='bbox 716 1584 765 1644; x_wconf 88' lang='lat' dir='ltr'><strong>est,</strong></span> <span class='ocrx_word' id='word_1_61' title='bbox 776 1580 827 1632; x_wconf 91' lang='lat' dir='ltr'><strong>nisi</strong></span> <span class='ocrx_word' id='word_1_62' title='bbox 838 1579 942 1651; x_wconf 86' lang='lat' dir='ltr'><strong>publiea</strong></span> <span class='ocrx_word' id='word_1_63' title='bbox 953 1596 1061 1642; x_wconf 82' lang='lat' dir='ltr'><strong>merces,</strong></span> 
     </span>
    </p>

    <p class='ocr_par' dir='ltr' id='par_1_3' title="bbox 326 1663 1279 1953">
     <span class='ocr_line' id='line_1_10' title="bbox 396 1663 1081 1737; baseline 0.003 -22"><span class='ocrx_word' id='word_1_64' title='bbox 396 1663 485 1732; x_wconf 82' lang='lat' dir='ltr'><strong>Atque</strong></span> <span class='ocrx_word' id='word_1_65' title='bbox 498 1680 586 1731; x_wconf 85' lang='lat' dir='ltr'><strong>eques,</strong></span> <span class='ocrx_word' id='word_1_66' title='bbox 598 1664 626 1714; x_wconf 91' lang='lat' dir='ltr'><strong>in</strong></span> <span class='ocrx_word' id='word_1_67' title='bbox 638 1681 716 1717; x_wconf 84' lang='lat' dir='ltr'><strong>eausa</strong></span> <span class='ocrx_word' id='word_1_68' title='bbox 727 1665 771 1735; x_wconf 90' lang='lat' dir='ltr'><strong>qui</strong></span> <span class='ocrx_word' id='word_1_69' title='bbox 783 1666 869 1732; x_wconf 90' lang='lat' dir='ltr'><strong>sedet,</strong></span> <span class='ocrx_word' id='word_1_70' title='bbox 881 1672 970 1737; x_wconf 88' lang='lat' dir='ltr'><strong>empta</strong></span> <span class='ocrx_word' id='word_1_71' title='bbox 981 1666 1081 1737; x_wconf 89' lang='lat' dir='ltr'><strong>probat.</strong></span> 
     </span>
     <span class='ocr_line' id='line_1_11' title="bbox 326 1767 1279 1851; baseline -0.004 -19"><span class='ocrx_word' id='word_1_72' title='bbox 326 1771 346 1833; x_wconf 90' lang='lat' dir='ltr'><strong>J</strong></span> <span class='ocrx_word' id='word_1_73' title='bbox 349 1768 511 1831; x_wconf 88' lang='lat' dir='ltr'><strong>ustificant</strong></span> <span class='ocrx_word' id='word_1_74' title='bbox 524 1767 660 1849; x_wconf 90' lang='lat' dir='ltr'><strong>impium</strong></span> <span class='ocrx_word' id='word_1_75' title='bbox 679 1790 736 1851; x_wconf 92' lang='lat' dir='ltr'><strong>pro</strong></span> <span class='ocrx_word' id='word_1_76' title='bbox 758 1770 956 1847; x_wconf 88' lang='lat' dir='ltr'><strong>muneribus,</strong></span> <span class='ocrx_word' id='word_1_77' title='bbox 970 1770 1115 1832; x_wconf 88' lang='lat' dir='ltr'><strong>exultant</strong></span> <span class='ocrx_word' id='word_1_78' title='bbox 1129 1768 1163 1829; x_wconf 92' lang='lat' dir='ltr'><strong>iu</strong></span> <span class='ocrx_word' id='word_1_79' title='bbox 1183 1768 1279 1830; x_wconf 85' lang='lat' dir='ltr'><strong>rebus</strong></span> 
     </span>
     <span class='ocr_line' id='line_1_12' title="bbox 327 1870 978 1953; baseline 0.003 -21"><span class='ocrx_word' id='word_1_80' title='bbox 327 1870 486 1953; x_wconf 86' lang='lat' dir='ltr'><strong>pessimis,</strong></span> <span class='ocrx_word' id='word_1_81' title='bbox 500 1870 650 1931; x_wconf 75' lang='lat' dir='ltr'><strong>laetantur</strong></span> <span class='ocrx_word' id='word_1_82' title='bbox 665 1891 764 1952; x_wconf 93' lang='lat' dir='ltr'><strong>quum</strong></span> <span class='ocrx_word' id='word_1_83' title='bbox 781 1873 864 1935; x_wconf 84' lang='lat' dir='ltr'><strong>mala</strong></span> <span class='ocrx_word' id='word_1_84' title='bbox 879 1871 978 1934; x_wconf 87' lang='lat' dir='ltr'><strong>fiunt:</strong></span> 
     </span>
    </p>

    <p class='ocr_par' dir='ltr' id='par_1_4' title="bbox 387 1982 1223 2053">
     <span class='ocr_line' id='line_1_13' title="bbox 387 1982 1223 2053; baseline -0.001 -18"><span class='ocrx_word' id='word_1_85' title='bbox 387 1982 494 2052; x_wconf 86' lang='lat' dir='ltr'><strong>Vixque</strong></span> <span class='ocrx_word' id='word_1_86' title='bbox 506 1988 597 2036; x_wconf 90' lang='lat' dir='ltr'><strong>teuent</strong></span> <span class='ocrx_word' id='word_1_87' title='bbox 607 1982 760 2052; x_wconf 76' lang='lat' dir='ltr'><strong>lachrymas,</strong></span> <span class='ocrx_word' id='word_1_88' title='bbox 772 2002 852 2053; x_wconf 89' lang='lat' dir='ltr'><strong>quum</strong></span> <span class='ocrx_word' id='word_1_89' title='bbox 863 1982 902 2035; x_wconf 92' lang='lat' dir='ltr'><strong>uil</strong></span> <span class='ocrx_word' id='word_1_90' title='bbox 912 1983 1097 2053; x_wconf 75' lang='lat' dir='ltr'><strong>lachrymabile</strong></span> <span class='ocrx_word' id='word_1_91' title='bbox 1108 1989 1223 2036; x_wconf 87' lang='lat' dir='ltr'><strong>cernunt.</strong></span> 
     </span>
    </p>
   </div>
   <div class='ocr_carea' id='block_1_3' title="bbox 328 2086 1375 4098">
    <p class='ocr_par' dir='ltr' id='par_1_5' title="bbox 328 2086 1375 4098">
     <span class='ocr_line' id='line_1_14' title="bbox 329 2086 1282 2174; baseline 0.002 -25"><span class='ocrx_word' id='word_1_92' title='bbox 329 2086 496 2171; x_wconf 84' lang='lat' dir='ltr'><strong>Siquidem</strong></span> <span class='ocrx_word' id='word_1_93' title='bbox 512 2100 647 2171; x_wconf 86' lang='lat' dir='ltr'><strong>peccata</strong></span> <span class='ocrx_word' id='word_1_94' title='bbox 661 2090 774 2174; x_wconf 92' lang='lat' dir='ltr'><strong>populi</strong></span> <span class='ocrx_word' id='word_1_95' title='bbox 790 2088 971 2167; x_wconf 89' lang='lat' dir='ltr'><strong>comedunt,</strong></span> <span class='ocrx_word' id='word_1_96' title='bbox 986 2099 1019 2151; x_wconf 90' lang='lat' dir='ltr'><strong>et</strong></span> <span class='ocrx_word' id='word_1_97' title='bbox 1032 2089 1209 2152; x_wconf 85' lang='lat' dir='ltr'><strong>vestiuntur</strong></span> <span class='ocrx_word' id='word_1_98' title='bbox 1223 2088 1282 2166; x_wconf 78' lang='lat' dir='ltr'><strong>eiS,</strong></span> 
     </span>
     <span class='ocr_line' id='line_1_15' title="bbox 330 2187 1282 2274; baseline 0.002 -24"><span class='ocrx_word' id='word_1_99' title='bbox 330 2202 363 2251; x_wconf 90' lang='lat' dir='ltr'><strong>et</strong></span> <span class='ocrx_word' id='word_1_100' title='bbox 377 2187 408 2251; x_wconf 90' lang='lat' dir='ltr'><strong>iu</strong></span> <span class='ocrx_word' id='word_1_101' title='bbox 429 2190 476 2253; x_wconf 88' lang='lat' dir='ltr'><strong>eis</strong></span> <span class='ocrx_word' id='word_1_102' title='bbox 498 2191 720 2273; x_wconf 89' lang='lat' dir='ltr'><strong>multiplieiter</strong></span> <span class='ocrx_word' id='word_1_103' title='bbox 740 2192 952 2254; x_wconf 78' lang='lat' dir='ltr'><strong>luxuriantur.</strong></span> <span class='ocrx_word' id='word_1_104' title='bbox 996 2193 1192 2274; x_wconf 89' lang='lat' dir='ltr'><strong>Acceptores</strong></span> <span class='ocrx_word' id='word_1_105' title='bbox 1211 2211 1282 2272; x_wconf 88' lang='lat' dir='ltr'><strong>per·</strong></span> 
     </span>
     <span class='ocr_line' id='line_1_16' title="bbox 329 2292 1281 2377; baseline 0.003 -26"><span class='ocrx_word' id='word_1_106' title='bbox 329 2312 491 2366; x_wconf 89' lang='lat' dir='ltr'><strong>sonarum,</strong></span> <span class='ocrx_word' id='word_1_107' title='bbox 518 2305 551 2355; x_wconf 89' lang='lat' dir='ltr'><strong>et</strong></span> <span class='ocrx_word' id='word_1_108' title='bbox 576 2294 667 2376; x_wconf 86' lang='lat' dir='ltr'><strong>quasi</strong></span> <span class='ocrx_word' id='word_1_109' title='bbox 700 2292 833 2377; x_wconf 90' lang='lat' dir='ltr'><strong>quidam</strong></span> <span class='ocrx_word' id='word_1_110' title='bbox 870 2296 1029 2357; x_wconf 90' lang='lat' dir='ltr'><strong>bonorum</strong></span> <span class='ocrx_word' id='word_1_111' title='bbox 1066 2293 1191 2356; x_wconf 84' lang='lat' dir='ltr'><strong>mallei:</strong></span> <span class='ocrx_word' id='word_1_112' title='bbox 1218 2292 1281 2355; x_wconf 89' lang='lat' dir='ltr'><strong>hoc</strong></span> 
     </span>
     <span class='ocr_line' id='line_1_17' title="bbox 329 2394 1283 2478; baseline 0.004 -24"><span class='ocrx_word' id='word_1_113' title='bbox 329 2394 415 2455; x_wconf 89' lang='lat' dir='ltr'><strong>enim</strong></span> <span class='ocrx_word' id='word_1_114' title='bbox 437 2394 621 2458; x_wconf 86' lang='lat' dir='ltr'><strong>didicerunt</strong></span> <span class='ocrx_word' id='word_1_115' title='bbox 644 2395 685 2457; x_wconf 88' lang='lat' dir='ltr'><strong>ab</strong></span> <span class='ocrx_word' id='word_1_116' title='bbox 712 2396 770 2472; x_wconf 88' lang='lat' dir='ltr'><strong>eis,</strong></span> <span class='ocrx_word' id='word_1_117' title='bbox 795 2417 814 2457; x_wconf 90' lang='lat' dir='ltr'><strong>a</strong></span> <span class='ocrx_word' id='word_1_118' title='bbox 840 2396 957 2478; x_wconf 91' lang='lat' dir='ltr'><strong>quibus</strong></span> <span class='ocrx_word' id='word_1_119' title='bbox 981 2395 1076 2456; x_wconf 88' lang='lat' dir='ltr'><strong>electi</strong></span> <span class='ocrx_word' id='word_1_120' title='bbox 1101 2405 1185 2456; x_wconf 90' lang='lat' dir='ltr'><strong>suut.</strong></span> <span class='ocrx_word' id='word_1_121' title='bbox 1229 2396 1283 2458; x_wconf 90' lang='lat' dir='ltr'><strong>Ait</strong></span> 
     </span>
     <span class='ocr_line' id='line_1_18' title="bbox 328 2494 1284 2577; baseline 0.004 -22"><span class='ocrx_word' id='word_1_122' title='bbox 328 2495 502 2577; x_wconf 82' lang='lat' dir='ltr'><strong>sapientia:</strong></span> <span class='ocrx_word' id='word_1_123' title='bbox 544 2495 675 2557; x_wconf 87' lang='lat' dir='ltr'><strong>Venatio</strong></span> <span class='ocrx_word' id='word_1_124' title='bbox 707 2495 811 2557; x_wconf 90' lang='lat' dir='ltr'><strong>leonis</strong></span> <span class='ocrx_word' id='word_1_125' title='bbox 841 2515 960 2574; x_wconf 84' lang='lat' dir='ltr'><strong>onager</strong></span> <span class='ocrx_word' id='word_1_126' title='bbox 984 2494 1019 2555; x_wconf 93' lang='lat' dir='ltr'><strong>iu</strong></span> <span class='ocrx_word' id='word_1_127' title='bbox 1046 2515 1164 2572; x_wconf 89' lang='lat' dir='ltr'><strong>eremo,</strong></span> <span class='ocrx_word' id='word_1_128' title='bbox 1189 2495 1284 2559; x_wconf 87' lang='lat' dir='ltr'><strong>sicet</strong></span> 
     </span>
     <span class='ocr_line' id='line_1_19' title="bbox 329 2596 1282 2679; baseline 0.003 -21"><span class='ocrx_word' id='word_1_129' title='bbox 329 2617 450 2678; x_wconf 89' lang='lat' dir='ltr'><strong>pascua</strong></span> <span class='ocrx_word' id='word_1_130' title='bbox 469 2596 603 2658; x_wconf 86' lang='lat' dir='ltr'><strong>divitum</strong></span> <span class='ocrx_word' id='word_1_131' title='bbox 621 2604 695 2657; x_wconf 90' lang='lat' dir='ltr'><strong>sunt</strong></span> <span class='ocrx_word' id='word_1_132' title='bbox 709 2616 876 2679; x_wconf 89' lang='lat' dir='ltr'><strong>pauperes.</strong></span> <span class='ocrx_word' id='word_1_133' title='bbox 923 2597 972 2657; x_wconf 82' lang='lat' dir='ltr'><strong>Et</strong></span> <span class='ocrx_word' id='word_1_134' title='bbox 989 2596 1073 2657; x_wconf 89' lang='lat' dir='ltr'><strong>sicut</strong></span> <span class='ocrx_word' id='word_1_135' title='bbox 1086 2596 1282 2661; x_wconf 82' lang='lat' dir='ltr'><strong>abominatio</strong></span> 
     </span>
     <span class='ocr_line' id='line_1_20' title="bbox 331 2696 1283 2781; baseline 0.003 -22"><span class='ocrx_word' id='word_1_136' title='bbox 331 2707 380 2759; x_wconf 89' lang='lat' dir='ltr'><strong>est</strong></span> <span class='ocrx_word' id='word_1_137' title='bbox 394 2698 533 2780; x_wconf 86' lang='lat' dir='ltr'><strong>superbo</strong></span> <span class='ocrx_word' id='word_1_138' title='bbox 548 2696 724 2773; x_wconf 86' lang='lat' dir='ltr'><strong>humilitas,</strong></span> <span class='ocrx_word' id='word_1_139' title='bbox 737 2697 783 2758; x_wconf 90' lang='lat' dir='ltr'><strong>sic</strong></span> <span class='ocrx_word' id='word_1_140' title='bbox 796 2697 957 2759; x_wconf 83' lang='lat' dir='ltr'><strong>execratio</strong></span> <span class='ocrx_word' id='word_1_141' title='bbox 969 2708 1018 2760; x_wconf 92' lang='lat' dir='ltr'><strong>est</strong></span> <span class='ocrx_word' id='word_1_142' title='bbox 1032 2696 1140 2760; x_wconf 91' lang='lat' dir='ltr'><strong>divitis</strong></span> <span class='ocrx_word' id='word_1_143' title='bbox 1151 2719 1283 2781; x_wconf 89' lang='lat' dir='ltr'><strong>pauper.</strong></span> 
     </span>
     <span class='ocr_line' id='line_1_21' title="bbox 333 2796 1283 2877; baseline 0.004 -19"><span class='ocrx_word' id='word_1_144' title='bbox 333 2798 433 2859; x_wconf 88' lang='lat' dir='ltr'><strong>Dives</strong></span> <span class='ocrx_word' id='word_1_145' title='bbox 460 2808 639 2860; x_wconf 88' lang='lat' dir='ltr'><strong>commotus</strong></span> <span class='ocrx_word' id='word_1_146' title='bbox 668 2796 908 2860; x_wconf 88' lang='lat' dir='ltr'><strong>confirmabitur</strong></span> <span class='ocrx_word' id='word_1_147' title='bbox 937 2799 977 2860; x_wconf 86' lang='lat' dir='ltr'><strong>ab</strong></span> <span class='ocrx_word' id='word_1_148' title='bbox 1008 2798 1130 2877; x_wconf 90' lang='lat' dir='ltr'><strong>amicis,</strong></span> <span class='ocrx_word' id='word_1_149' title='bbox 1153 2799 1283 2862; x_wconf 90' lang='lat' dir='ltr'><strong>humilis</strong></span> 
     </span>
     <span class='ocr_line' id='line_1_22' title="bbox 332 2898 1283 2983; baseline 0.004 -22"><span class='ocrx_word' id='word_1_150' title='bbox 332 2913 437 2962; x_wconf 89' lang='lat' dir='ltr'><strong>autem</strong></span> <span class='ocrx_word' id='word_1_151' title='bbox 460 2921 555 2983; x_wconf 92' lang='lat' dir='ltr'><strong>quum</strong></span> <span class='ocrx_word' id='word_1_152' title='bbox 579 2898 741 2978; x_wconf 86' lang='lat' dir='ltr'><strong>ceciderit,</strong></span> <span class='ocrx_word' id='word_1_153' title='bbox 757 2901 936 2983; x_wconf 84' lang='lat' dir='ltr'><strong>expelletur</strong></span> <span class='ocrx_word' id='word_1_154' title='bbox 953 2913 985 2963; x_wconf 89' lang='lat' dir='ltr'><strong>et</strong></span> <span class='ocrx_word' id='word_1_155' title='bbox 1002 2922 1022 2964; x_wconf 87' lang='lat' dir='ltr'><strong>a</strong></span> <span class='ocrx_word' id='word_1_156' title='bbox 1041 2902 1134 2964; x_wconf 83' lang='lat' dir='ltr'><strong>notis</strong></span> <span class='ocrx_word' id='word_1_157' title='bbox 1179 2902 1283 2965; x_wconf 90' lang='lat' dir='ltr'><strong>Diviti</strong></span> 
     </span>
     <span class='ocr_line' id='line_1_23' title="bbox 331 2998 1283 3085; baseline 0.004 -24"><span class='ocrx_word' id='word_1_158' title='bbox 331 2998 468 3083; x_wconf 89' lang='lat' dir='ltr'><strong>decepto</strong></span> <span class='ocrx_word' id='word_1_159' title='bbox 494 3001 584 3063; x_wconf 92' lang='lat' dir='ltr'><strong>multi</strong></span> <span class='ocrx_word' id='word_1_160' title='bbox 610 3010 859 3084; x_wconf 89' lang='lat' dir='ltr'><strong>recuperatores,</strong></span> <span class='ocrx_word' id='word_1_161' title='bbox 884 3002 1033 3085; x_wconf 91' lang='lat' dir='ltr'><strong>loquutus</strong></span> <span class='ocrx_word' id='word_1_162' title='bbox 1059 3010 1108 3064; x_wconf 88' lang='lat' dir='ltr'><strong>est</strong></span> <span class='ocrx_word' id='word_1_163' title='bbox 1135 3004 1283 3085; x_wconf 89' lang='lat' dir='ltr'><strong>superba,</strong></span> 
     </span>
     <span class='ocr_line' id='line_1_24' title="bbox 330 3101 1282 3187; baseline 0.003 -23"><span class='ocrx_word' id='word_1_164' title='bbox 330 3118 362 3165; x_wconf 91' lang='lat' dir='ltr'><strong>et</strong></span> <span class='ocrx_word' id='word_1_165' title='bbox 381 3102 639 3185; x_wconf 86' lang='lat' dir='ltr'><strong>justificaverunt</strong></span> <span class='ocrx_word' id='word_1_166' title='bbox 664 3105 762 3166; x_wconf 88' lang='lat' dir='ltr'><strong>illum.</strong></span> <span class='ocrx_word' id='word_1_167' title='bbox 820 3103 962 3165; x_wconf 86' lang='lat' dir='ltr'><strong>Humilis</strong></span> <span class='ocrx_word' id='word_1_168' title='bbox 988 3101 1142 3187; x_wconf 88' lang='lat' dir='ltr'><strong>deceptus</strong></span> <span class='ocrx_word' id='word_1_169' title='bbox 1167 3115 1226 3180; x_wconf 87' lang='lat' dir='ltr'><strong>est,</strong></span> <span class='ocrx_word' id='word_1_170' title='bbox 1249 3114 1282 3167; x_wconf 89' lang='lat' dir='ltr'><strong>et</strong></span> 
     </span>
     <span class='ocr_line' id='line_1_25' title="bbox 331 3203 1284 3287; baseline 0.005 -23"><span class='ocrx_word' id='word_1_171' title='bbox 331 3203 463 3287; x_wconf 89' lang='lat' dir='ltr'><strong>insuper</strong></span> <span class='ocrx_word' id='word_1_172' title='bbox 477 3204 629 3286; x_wconf 83' lang='lat' dir='ltr'><strong>arguitur.</strong></span> <span class='ocrx_word' id='word_1_173' title='bbox 662 3206 834 3286; x_wconf 90' lang='lat' dir='ltr'><strong>Loquutus</strong></span> <span class='ocrx_word' id='word_1_174' title='bbox 849 3215 898 3267; x_wconf 92' lang='lat' dir='ltr'><strong>est</strong></span> <span class='ocrx_word' id='word_1_175' title='bbox 912 3214 1048 3277; x_wconf 88' lang='lat' dir='ltr'><strong>sensate,</strong></span> <span class='ocrx_word' id='word_1_176' title='bbox 1064 3215 1096 3267; x_wconf 88' lang='lat' dir='ltr'><strong>et</strong></span> <span class='ocrx_word' id='word_1_177' title='bbox 1110 3226 1175 3266; x_wconf 92' lang='lat' dir='ltr'><strong>nou</strong></span> <span class='ocrx_word' id='word_1_178' title='bbox 1191 3214 1240 3268; x_wconf 89' lang='lat' dir='ltr'><strong>est</strong></span> <span class='ocrx_word' id='word_1_179' title='bbox 1253 3206 1284 3269; x_wconf 87' lang='lat' dir='ltr'><strong>ci</strong></span> 
     </span>
     <span class='ocr_line' id='line_1_26' title="bbox 333 3303 1284 3389; baseline 0.005 -24"><span class='ocrx_word' id='word_1_180' title='bbox 333 3303 426 3368; x_wconf 86' lang='lat' dir='ltr'><strong>datus</strong></span> <span class='ocrx_word' id='word_1_181' title='bbox 440 3306 541 3368; x_wconf 87' lang='lat' dir='ltr'><strong>locus.</strong></span> <span class='ocrx_word' id='word_1_182' title='bbox 586 3307 686 3369; x_wconf 90' lang='lat' dir='ltr'><strong>Dives</strong></span> <span class='ocrx_word' id='word_1_183' title='bbox 700 3308 850 3389; x_wconf 92' lang='lat' dir='ltr'><strong>loquutus</strong></span> <span class='ocrx_word' id='word_1_184' title='bbox 865 3316 923 3383; x_wconf 87' lang='lat' dir='ltr'><strong>est,</strong></span> <span class='ocrx_word' id='word_1_185' title='bbox 938 3313 971 3368; x_wconf 90' lang='lat' dir='ltr'><strong>et</strong></span> <span class='ocrx_word' id='word_1_186' title='bbox 981 3327 1093 3369; x_wconf 90' lang='lat' dir='ltr'><strong>omnes</strong></span> <span class='ocrx_word' id='word_1_187' title='bbox 1107 3317 1284 3386; x_wconf 87' lang='lat' dir='ltr'><strong>tacuerunt,</strong></span> 
     </span>
     <span class='ocr_line' id='line_1_27' title="bbox 333 3407 1285 3492; baseline 0.004 -25"><span class='ocrx_word' id='word_1_188' title='bbox 333 3417 365 3467; x_wconf 89' lang='lat' dir='ltr'><strong>et</strong></span> <span class='ocrx_word' id='word_1_189' title='bbox 381 3407 510 3468; x_wconf 90' lang='lat' dir='ltr'><strong>verbum</strong></span> <span class='ocrx_word' id='word_1_190' title='bbox 527 3407 612 3471; x_wconf 87' lang='lat' dir='ltr'><strong>illius</strong></span> <span class='ocrx_word' id='word_1_191' title='bbox 627 3429 728 3492; x_wconf 89' lang='lat' dir='ltr'><strong>usque</strong></span> <span class='ocrx_word' id='word_1_192' title='bbox 744 3407 786 3471; x_wconf 89' lang='lat' dir='ltr'><strong>ad</strong></span> <span class='ocrx_word' id='word_1_193' title='bbox 800 3408 905 3470; x_wconf 88' lang='lat' dir='ltr'><strong>nubes</strong></span> <span class='ocrx_word' id='word_1_194' title='bbox 928 3407 1113 3490; x_wconf 84' lang='lat' dir='ltr'><strong>perducent</strong></span> <span class='ocrx_word' id='word_1_195' title='bbox 1159 3408 1285 3492; x_wconf 85' lang='lat' dir='ltr'><strong>Pauper</strong></span> 
     </span>
     <span class='ocr_line' id='line_1_28' title="bbox 334 3507 1285 3589; baseline 0.007 -22"><span class='ocrx_word' id='word_1_196' title='bbox 334 3507 487 3589; x_wconf 88' lang='lat' dir='ltr'><strong>loquutus</strong></span> <span class='ocrx_word' id='word_1_197' title='bbox 502 3518 560 3583; x_wconf 90' lang='lat' dir='ltr'><strong>est,</strong></span> <span class='ocrx_word' id='word_1_198' title='bbox 577 3519 609 3573; x_wconf 91' lang='lat' dir='ltr'><strong>et</strong></span> <span class='ocrx_word' id='word_1_199' title='bbox 625 3510 756 3572; x_wconf 86' lang='lat' dir='ltr'><strong>dicunt:</strong></span> <span class='ocrx_word' id='word_1_200' title='bbox 796 3509 876 3581; x_wconf 87' lang='lat' dir='ltr'><strong>Quis</strong></span> <span class='ocrx_word' id='word_1_201' title='bbox 890 3519 939 3572; x_wconf 90' lang='lat' dir='ltr'><strong>est</strong></span> <span class='ocrx_word' id='word_1_202' title='bbox 953 3507 1029 3571; x_wconf 83' lang='lat' dir='ltr'><strong>hiel</strong></span> <span class='ocrx_word' id='word_1_203' title='bbox 1074 3511 1121 3573; x_wconf 90' lang='lat' dir='ltr'><strong>Et</strong></span> <span class='ocrx_word' id='word_1_204' title='bbox 1135 3512 1162 3573; x_wconf 93' lang='lat' dir='ltr'><strong>si</strong></span> <span class='ocrx_word' id='word_1_205' title='bbox 1184 3513 1285 3574; x_wconf 89' lang='lat' dir='ltr'><strong>offen·</strong></span> 
     </span>
     <span class='ocr_line' id='line_1_29' title="bbox 334 3607 1286 3697; baseline 0.009 -28"><span class='ocrx_word' id='word_1_206' title='bbox 334 3607 425 3685; x_wconf 87' lang='lat' dir='ltr'><strong>derit,</strong></span> <span class='ocrx_word' id='word_1_207' title='bbox 440 3610 629 3672; x_wconf 91' lang='lat' dir='ltr'><strong>subvertunt</strong></span> <span class='ocrx_word' id='word_1_208' title='bbox 642 3611 744 3672; x_wconf 91' lang='lat' dir='ltr'><strong>illum.</strong></span> <span class='ocrx_word' id='word_1_209' title='bbox 775 3612 821 3673; x_wconf 93' lang='lat' dir='ltr'><strong>Et</strong></span> <span class='ocrx_word' id='word_1_210' title='bbox 847 3610 917 3672; x_wconf 84' lang='lat' dir='ltr'><strong>haec</strong></span> <span class='ocrx_word' id='word_1_211' title='bbox 933 3611 1062 3693; x_wconf 90' lang='lat' dir='ltr'><strong>quidem</strong></span> <span class='ocrx_word' id='word_1_212' title='bbox 1078 3624 1152 3676; x_wconf 91' lang='lat' dir='ltr'><strong>sunt</strong></span> <span class='ocrx_word' id='word_1_213' title='bbox 1160 3612 1286 3697; x_wconf 85' lang='lat' dir='ltr'><strong>judicia</strong></span> 
     </span>
     <span class='ocr_line' id='line_1_30' title="bbox 333 3710 1375 3799; baseline 0.009 -28"><span class='ocrx_word' id='word_1_214' title='bbox 333 3730 453 3787; x_wconf 87' lang='lat' dir='ltr'><strong>eorum,</strong></span> <span class='ocrx_word' id='word_1_215' title='bbox 470 3730 552 3793; x_wconf 91' lang='lat' dir='ltr'><strong>quos</strong></span> <span class='ocrx_word' id='word_1_216' title='bbox 568 3711 655 3775; x_wconf 88' lang='lat' dir='ltr'><strong>curia</strong></span> <span class='ocrx_word' id='word_1_217' title='bbox 669 3710 789 3790; x_wconf 88' lang='lat' dir='ltr'><strong>docuit,</strong></span> <span class='ocrx_word' id='word_1_218' title='bbox 817 3712 882 3774; x_wconf 92' lang='lat' dir='ltr'><strong>imo</strong></span> <span class='ocrx_word' id='word_1_219' title='bbox 907 3712 1050 3776; x_wconf 91' lang='lat' dir='ltr'><strong>omnium</strong></span> <span class='ocrx_word' id='word_1_220' title='bbox 1074 3714 1128 3799; x_wconf 91' lang='lat' dir='ltr'><strong>qui</strong></span> <span class='ocrx_word' id='word_1_221' title='bbox 1148 3715 1285 3799; x_wconf 75' lang='lat' dir='ltr'><strong>justitiae</strong></span> <span class='ocrx_word' id='word_1_222' title='bbox 1368 3764 1375 3780; x_wconf 74' lang='grc'><strong><em>,</em></strong></span> 
     </span>
     <span class='ocr_line' id='line_1_31' title="bbox 336 3809 1284 3899; baseline 0.009 -28"><span class='ocrx_word' id='word_1_223' title='bbox 336 3810 462 3874; x_wconf 87' lang='lat' dir='ltr'><strong>divitias</strong></span> <span class='ocrx_word' id='word_1_224' title='bbox 477 3809 662 3893; x_wconf 77' lang='lat' dir='ltr'><strong>praeferunt,</strong></span> <span class='ocrx_word' id='word_1_225' title='bbox 678 3822 711 3875; x_wconf 92' lang='lat' dir='ltr'><strong>et</strong></span> <span class='ocrx_word' id='word_1_226' title='bbox 730 3812 811 3875; x_wconf 92' lang='lat' dir='ltr'><strong>nihil</strong></span> <span class='ocrx_word' id='word_1_227' title='bbox 834 3814 943 3896; x_wconf 90' lang='lat' dir='ltr'><strong>potius</strong></span> <span class='ocrx_word' id='word_1_228' title='bbox 959 3814 1092 3893; x_wconf 89' lang='lat' dir='ltr'><strong>ducunt,</strong></span> <span class='ocrx_word' id='word_1_229' title='bbox 1113 3838 1208 3899; x_wconf 89' lang='lat' dir='ltr'><strong>quam</strong></span> <span class='ocrx_word' id='word_1_230' title='bbox 1228 3818 1284 3880; x_wconf 89' lang='lat' dir='ltr'><strong>ha-</strong></span> 
     </span>
     <span class='ocr_line' id='line_1_32' title="bbox 334 3912 1284 4000; baseline 0.006 -26"><span class='ocrx_word' id='word_1_231' title='bbox 334 3913 410 3975; x_wconf 87' lang='lat' dir='ltr'><strong>bere</strong></span> <span class='ocrx_word' id='word_1_232' title='bbox 436 3912 574 3991; x_wconf 88' lang='lat' dir='ltr'><strong>divitias,</strong></span> <span class='ocrx_word' id='word_1_233' title='bbox 601 3935 665 3997; x_wconf 93' lang='lat' dir='ltr'><strong>quo</strong></span> <span class='ocrx_word' id='word_1_234' title='bbox 691 3924 798 3978; x_wconf 90' lang='lat' dir='ltr'><strong>tamen</strong></span> <span class='ocrx_word' id='word_1_235' title='bbox 831 3915 886 3980; x_wconf 85' lang='lat' dir='ltr'><strong>vix</strong></span> <span class='ocrx_word' id='word_1_236' title='bbox 910 3916 1033 4000; x_wconf 91' lang='lat' dir='ltr'><strong>aliquid</strong></span> <span class='ocrx_word' id='word_1_237' title='bbox 1057 3917 1201 3981; x_wconf 89' lang='lat' dir='ltr'><strong>inutilius</strong></span> <span class='ocrx_word' id='word_1_238' title='bbox 1226 3928 1284 3981; x_wconf 89' lang='lat' dir='ltr'><strong>est.</strong></span> 
     </span>
     <span class='ocr_line' id='line_1_33' title="bbox 336 4013 1288 4098; baseline 0.007 -24"><span class='ocrx_word' id='word_1_239' title='bbox 336 4013 454 4076; x_wconf 88' lang='lat' dir='ltr'><strong>Nullus</strong></span> <span class='ocrx_word' id='word_1_240' title='bbox 490 4016 620 4077; x_wconf 87' lang='lat' dir='ltr'><strong>istorum</strong></span> <span class='ocrx_word' id='word_1_241' title='bbox 650 4018 783 4094; x_wconf 90' lang='lat' dir='ltr'><strong>exultat,</strong></span> <span class='ocrx_word' id='word_1_242' title='bbox 814 4037 911 4098; x_wconf 92' lang='lat' dir='ltr'><strong>quum</strong></span> <span class='ocrx_word' id='word_1_243' title='bbox 941 4016 1103 4081; x_wconf 88' lang='lat' dir='ltr'><strong>Christum</strong></span> <span class='ocrx_word' id='word_1_244' title='bbox 1134 4017 1221 4081; x_wconf 83' lang='lat' dir='ltr'><strong>ridet</strong></span> <span class='ocrx_word' id='word_1_245' title='bbox 1252 4017 1288 4081; x_wconf 92' lang='lat' dir='ltr'><strong>iu</strong></span> 
     </span>
    </p>
   </div>
   <div class='ocr_carea' id='block_1_4' title="bbox 335 4115 1288 4302">
    <p class='ocr_par' dir='ltr' id='par_1_6' title="bbox 335 4115 1288 4302">
     <span class='ocr_line' id='line_1_34' title="bbox 335 4115 1288 4199; baseline 0.008 -25"><span class='ocrx_word' id='word_1_246' title='bbox 335 4115 435 4189; x_wconf 86' lang='lat' dir='ltr'><strong>terris,</strong></span> <span class='ocrx_word' id='word_1_247' title='bbox 452 4117 559 4178; x_wconf 89' lang='lat' dir='ltr'><strong>nullus</strong></span> <span class='ocrx_word' id='word_1_248' title='bbox 575 4137 684 4179; x_wconf 89' lang='lat' dir='ltr'><strong>eorum</strong></span> <span class='ocrx_word' id='word_1_249' title='bbox 699 4129 756 4195; x_wconf 88' lang='lat' dir='ltr'><strong>est,</strong></span> <span class='ocrx_word' id='word_1_250' title='bbox 772 4118 827 4199; x_wconf 92' lang='lat' dir='ltr'><strong>qui</strong></span> <span class='ocrx_word' id='word_1_251' title='bbox 840 4119 915 4181; x_wconf 80' lang='lat' dir='ltr'><strong>velit</strong></span> <span class='ocrx_word' id='word_1_252' title='bbox 932 4140 1006 4181; x_wconf 86' lang='lat' dir='ltr'><strong>eum</strong></span> <span class='ocrx_word' id='word_1_253' title='bbox 1018 4140 1091 4182; x_wconf 90' lang='lat' dir='ltr'><strong>cum</strong></span> <span class='ocrx_word' id='word_1_254' title='bbox 1103 4120 1288 4182; x_wconf 90' lang='lat' dir='ltr'><strong>hominibus</strong></span> 
     </span>
     <span class='ocr_line' id='line_1_35' title="bbox 337 4217 1286 4302; baseline 0.006 -27"><span class='ocrx_word' id='word_1_255' title='bbox 337 4217 528 4294; x_wconf 84' lang='lat' dir='ltr'><strong>conversari,</strong></span> <span class='ocrx_word' id='word_1_256' title='bbox 552 4217 662 4279; x_wconf 92' lang='lat' dir='ltr'><strong>nullus</strong></span> <span class='ocrx_word' id='word_1_257' title='bbox 686 4217 741 4301; x_wconf 91' lang='lat' dir='ltr'><strong>qui</strong></span> <span class='ocrx_word' id='word_1_258' title='bbox 774 4217 815 4278; x_wconf 91' lang='lat' dir='ltr'><strong>ad</strong></span> <span class='ocrx_word' id='word_1_259' title='bbox 841 4218 928 4281; x_wconf 87' lang='lat' dir='ltr'><strong>bona</strong></span> <span class='ocrx_word' id='word_1_260' title='bbox 950 4239 1046 4302; x_wconf 89' lang='lat' dir='ltr'><strong>opera</strong></span> <span class='ocrx_word' id='word_1_261' title='bbox 1067 4219 1286 4301; x_wconf 87' lang='lat' dir='ltr'><strong>proximorum</strong></span> 
     </span>
    </p>
   </div>
   <div class='ocr_carea' id='block_1_5' title="bbox 335 4314 1286 4403">
    <p class='ocr_par' dir='ltr' id='par_1_7' title="bbox 335 4314 1286 4403">
     <span class='ocr_line' id='line_1_36' title="bbox 335 4314 1286 4403; baseline 0.004 -24"><span class='ocrx_word' id='word_1_262' title='bbox 335 4314 502 4381; x_wconf 87' lang='lat' dir='ltr'><strong>decantet:</strong></span> <span class='ocrx_word' id='word_1_263' title='bbox 534 4320 645 4383; x_wconf 86' lang='lat' dir='ltr'><strong>Gloria</strong></span> <span class='ocrx_word' id='word_1_264' title='bbox 673 4319 707 4382; x_wconf 93' lang='lat' dir='ltr'><strong>iu</strong></span> <span class='ocrx_word' id='word_1_265' title='bbox 734 4320 873 4384; x_wconf 85' lang='lat' dir='ltr'><strong>excelsis</strong></span> <span class='ocrx_word' id='word_1_266' title='bbox 896 4320 978 4399; x_wconf 91' lang='lat' dir='ltr'><strong>Deo,</strong></span> <span class='ocrx_word' id='word_1_267' title='bbox 1000 4332 1033 4385; x_wconf 88' lang='lat' dir='ltr'><strong>et</strong></span> <span class='ocrx_word' id='word_1_268' title='bbox 1056 4321 1089 4383; x_wconf 92' lang='lat' dir='ltr'><strong>iu</strong></span> <span class='ocrx_word' id='word_1_269' title='bbox 1115 4332 1197 4398; x_wconf 85' lang='lat' dir='ltr'><strong>terra</strong></span> <span class='ocrx_word' id='word_1_270' title='bbox 1220 4342 1286 4403; x_wconf 85' lang='lat' dir='ltr'><strong>pax</strong></span> 
     </span>
    </p>
   </div>
   <div class='ocr_carea' id='block_1_6' title="bbox 0 0 1711 5234">
    <p class='ocr_par' dir='ltr' id='par_1_8' title="bbox 0 0 1711 5234">
     <span class='ocr_line' id='line_1_37' title="bbox 0 0 1711 5234; baseline 0 0"><span class='ocrx_word' id='word_1_271' title='bbox 0 0 1711 5234; x_wconf 95' lang='lat' dir='ltr'><strong> </strong></span> 
     </span>
    </p>
   </div>
  </div>
 </body>
</html>
