3384 5234
413 691 473 751 112
672 702 808 747 saturus
825 699 1101 749 sancsnnnmusrs
1227 686 1307 769 [nra.
1323 706 1360 751 11.

409 853 562 924 infinitus,
579 853 638 917 nisi
653 853 740 938 apud
764 853 920 918 infinitam
942 857 1127 941 sapientiam
1148 857 1219 918 Dei.
1267 856 1362 919 Inde·

408 955 515 1018 ficiens
532 977 609 1039 ergo
629 957 759 1018 scientia
779 971 837 1030 est,
855 956 907 1019 cui
927 956 1005 1019 nihil
1025 979 1134 1019 eorum
1158 956 1307 1033 elabitur,
1329 970 1361 1020 et

407 1057 536 1119 omnino
551 1070 758 1140 augmentum
779 1079 842 1120 non
862 1057 986 1142 recipit,
1002 1081 1074 1142 quae
1093 1080 1130 1119 ea
1148 1057 1254 1120 omnia
1276 1081 1361 1120 com·

407 1156 585 1242 prehendit.
645 1156 813 1222 Rationem
849 1180 922 1221 vero
952 1181 1073 1237 eorum,
1099 1181 1173 1243 quae
1203 1160 1292 1221 Deus
1318 1160 1359 1223 ab

409 1271 527 1324 aeterno
562 1259 594 1322 in
632 1260 798 1345 sapientia,
834 1261 869 1324 id
900 1274 958 1341 est,
994 1261 1026 1323 in
1062 1260 1227 1344 unigenito
1261 1261 1359 1325 verbo

407 1361 575 1446 disposuit,
603 1384 712 1426 creans
741 1362 785 1427 ibi
818 1363 925 1426 omnia
958 1362 1063 1439 simul,
1094 1385 1189 1447 quam
1223 1376 1362 1448 postmo-

407 1461 484 1526 dum
521 1475 752 1547 consequenter
786 1463 935 1548 producit
974 1464 1006 1527 in
1044 1486 1151 1549 opera,
1186 1464 1361 1526 secundum

406 1561 567 1647 provisum
591 1561 734 1624 ordinem
758 1561 883 1647 singula
906 1563 1077 1626 traducens
1103 1587 1121 1626 a
1147 1564 1360 1647 generatione,

408 1685 473 1748 qua
487 1661 641 1747 incipiunt
657 1685 724 1726 esse
743 1686 801 1747 per
816 1676 944 1741 sortem,
958 1686 1024 1748 qua
1040 1664 1196 1729 fluctuare
1212 1664 1362 1727 videntur

407 1763 533 1828 casibus
555 1763 595 1827 ad
618 1764 866 1847 corruptionem,
881 1787 955 1848 quae
977 1767 1070 1849 quasi
1092 1765 1248 1830 existendi
1272 1767 1361 1830 filum

407 1864 632 1950 praescindens,
649 1864 786 1928 retrudit
809 1865 850 1927 ad
874 1886 935 1927 non
959 1888 1036 1944 esse,
1058 1868 1173 1930 Parcas
1196 1866 1246 1929 vel
1270 1868 1363 1945 Fata,

408 1964 546 2050 antiquis
575 1964 697 2049 placuit
727 1962 893 2047 appellari,
923 1987 960 2026 eo
998 1966 1086 2049 quod
1119 1968 1363 2031 constitutiones

407 2065 617 2152 providentiae
642 2064 717 2141 Dei,
740 2064 817 2149 quin
841 2064 967 2127 effectui
990 2066 1222 2150 mancipentur,
1247 2068 1362 2131 nemini

408 2178 550 2252 parcant,
567 2179 598 2230 et
614 2190 633 2229 a
648 2166 746 2229 verbo
763 2165 835 2240 Dei,
853 2189 916 2250 quo
932 2165 1125 2230 aeternaliter
1139 2168 1245 2229 omnia
1268 2167 1363 2247 dixit,

407 2268 439 2333 et
469 2268 554 2332 facta
587 2281 673 2345 sunt,
703 2266 899 2331 executionis
928 2267 1161 2331 firmamentum
1196 2269 1362 2353 accipiant.

408 2371 505 2436 Unde
522 2369 648 2436 Stoicus
662 2371 768 2432 omnia
787 2369 963 2433 necessaria
984 2368 1097 2445 credit,
1113 2370 1228 2433 timens
1250 2393 1361 2433 evacu-

408 2473 452 2537 ari
468 2494 559 2556 posse
571 2470 732 2535 scientiam
743 2469 984 2534 immutabilem.
1024 2472 1053 2532 E
1066 2483 1175 2534 contra
1187 2471 1362 2554 Epicurus,

407 2595 517 2638 eorum
533 2595 606 2658 quae
621 2572 771 2635 eveniunt
794 2570 873 2634 nihil
891 2570 1100 2655 providentias
1115 2571 1236 2634 ratione
1252 2571 1361 2658 dispo·

409 2675 516 2754 situm,
526 2674 657 2737 nesorte
667 2671 885 2736 necessitatem
896 2671 1103 2736 mutabilibus
1113 2672 1208 2735 rebus
1218 2672 1361 2748 inducat,

407 2776 568 2860 opinatur.
626 2773 699 2838 Pari
722 2795 799 2855 ergo
827 2795 932 2835 errore
954 2772 1126 2858 desipiunt,
1157 2796 1258 2856 quum
1282 2773 1363 2837 alter

408 2877 504 2950 casui,
530 2874 609 2940 alter
635 2874 813 2938 necessitati
840 2874 988 2938 universa
1013 2874 1171 2959 subjiciat.
1218 2874 1363 2938 Mutabi-

408 2976 486 3041 lium
499 2978 596 3061 igitur
611 2999 718 3040 rerum
730 2976 908 3060 dispositio,
921 2976 1127 3040 immutabilis
1139 2990 1186 3040 est
1194 2999 1203 3053 ;
1229 2989 1260 3039 et
1274 2989 1364 3039 aeter-

408 3101 459 3141 nae
474 3078 682 3163 providentiae
705 3076 913 3141 immutabilis
936 3090 1049 3157 status,
1064 3079 1204 3140 omnium
1228 3077 1365 3140 mutabi-

408 3176 487 3241 lium
503 3180 643 3240 continet
655 3200 794 3240 cursum.
840 3178 948 3253 Quum
960 3201 1034 3241 vero
1044 3176 1113 3263 ipsa
1125 3177 1165 3240 ab
1175 3176 1362 3239 aeternitatis

409 3302 475 3343 suae
491 3291 576 3342 statu
592 3278 711 3341 moveri
724 3302 785 3341 non
803 3279 914 3361 possit,
927 3280 1178 3361 contingentium
1194 3278 1307 3340 seriem
1325 3276 1365 3339 ab

408 3381 494 3441 omni
517 3400 602 3440 nexu
625 3378 819 3439 necessitatis
841 3377 989 3440 absolvit.
1035 3381 1079 3441 Et
1104 3379 1176 3442 licet
1199 3379 1255 3442 lux
1278 3379 1362 3441 inac-

408 3476 559 3539 cessibilis
585 3477 747 3561 sapientiae
778 3476 841 3536 Dei
871 3476 1019 3539 humanae
1046 3478 1186 3541 scientiae
1215 3480 1363 3543 tenebras

408 3573 696 3657 incomparabiliter
712 3572 889 3648 antecedat,
905 3587 950 3637 est
968 3588 1072 3637 tamen
1089 3576 1120 3638 in
1144 3599 1210 3660 quo
1225 3576 1364 3640 claritati

408 3673 501 3747 illius,
511 3672 654 3757 caliginis
666 3673 782 3737 nostrae
792 3673 903 3736 oculus
915 3674 1021 3758 quoad
1033 3675 1154 3759 aliquid
1167 3688 1363 3759 coaequatur.

409 3776 500 3841 Sicut
522 3776 604 3837 enim
629 3775 715 3859 quod
740 3774 831 3837 video
854 3775 1029 3855 imminere,
1050 3779 1139 3838 nulla
1161 3798 1200 3837 ex
1224 3798 1262 3838 eo
1285 3776 1364 3859 quia

408 3876 547 3950 videtur,
560 3856 744 3940 necessitaie
759 3875 934 3961 proveniet,
949 3876 1035 3939 sicet
1053 3875 1139 3959 quod
1154 3874 1239 3937 illius
1252 3877 1364 3940 oculus

409 3978 652 4062 contemplatur,
684 4000 745 4040 non
777 3988 824 4041 est
854 3980 1062 4040 necessarium
1094 3976 1228 4040 evenire.
1290 3978 1362 4041 Scio

409 4077 555 4163 equidem
575 4076 710 4161 lapidem
727 4077 776 4140 vel
800 4075 960 4161 sagittam,
977 4099 1073 4161 quam
1096 4078 1128 4140 in
1152 4076 1253 4140 nubes
1271 4076 1364 4161 jacu-

410 4179 494 4242 latus
517 4201 600 4254 sum,
616 4177 764 4263 exigente
786 4188 901 4241 natura
923 4199 1100 4240 recasuram
1124 4178 1157 4241 in
1181 4189 1308 4256 terram,
1329 4178 1362 4240 in

410 4303 504 4368 quam
527 4281 675 4345 feruntur
697 4279 802 4344 omnia
824 4292 904 4343 nutu
928 4302 986 4342 suo
1008 4278 1162 4364 pondera,
1176 4299 1233 4340 nec
1257 4291 1363 4342 tamen
