3384 5234
323 687 393 733 cre.
409 670 469 750 vn]
679 685 934 731 ronrcnarrcus.

324 983 403 1066 Cap.
421 986 451 1044 6.
474 980 527 1043 De
545 981 697 1061 principe
719 981 776 1061 qni
797 983 897 1059 capnt
917 983 964 1040 est
986 977 1174 1058 reipublice,
1189 982 1221 1038 et
1239 977 1278 1039 de

367 1083 516 1144 electione
537 1081 618 1159 ejus,
638 1085 669 1142 et
690 1080 924 1161 privilegiari
941 1080 1077 1159 premio
1098 1079 1229 1140 virtutis
1248 1084 1280 1140 et

367 1186 495 1265 cnlpc3
519 1187 551 1244 et
565 1181 649 1262 qnod
668 1181 794 1245 motum
814 1180 875 1243 Job
897 1179 1006 1243 debeat
1025 1182 1167 1244 imitari:
1190 1187 1222 1243 et
1241 1179 1279 1242 de

368 1282 546 1346 virtutibus
560 1282 645 1344 beata·
656 1281 725 1344 Job.

372 1443 547 1509 Snoulrna
572 1452 610 1504 ut
632 1440 703 1524 ejus
725 1437 887 1502 imitantes
908 1438 1042 1522 vestigia
1063 1438 1103 1502 de
1129 1438 1278 1502 membris

330 1542 530 1628 Reipublicae
550 1541 770 1628 despiciamus.
816 1540 947 1606 Dictum
970 1553 1017 1604 est
1037 1553 1143 1605 autem
1163 1541 1280 1627 princi·

327 1667 401 1727 pem
417 1644 521 1707 locum
544 1644 686 1709 obtinere
709 1640 833 1726 capitis,
847 1654 880 1704 et
903 1643 957 1727 qui
979 1640 1077 1705 solius
1098 1641 1212 1705 mentis
1233 1664 1279 1705 re-

328 1759 425 1831 gatur
448 1744 591 1809 arbitrio.
644 1748 743 1809 Hunc
766 1746 890 1828 itaque,
918 1756 955 1807 ut
977 1743 1046 1829 jam
1072 1743 1194 1808 dictum
1221 1757 1280 1822 est,

329 1848 496 1934 dispositio
511 1846 620 1910 divina
633 1848 666 1911 in
683 1871 754 1913 arce
771 1846 954 1933 reipublicae
968 1846 1145 1930 collocavit,
1160 1862 1192 1914 et
1207 1871 1279 1913 eum

331 1973 416 2015 nunc
431 1971 546 2013 arcano
560 1948 770 2037 providentiae
785 1972 852 2013 suae
873 1950 1036 2035 mysterio,
1059 1952 1181 2016 caeteris
1202 1974 1283 2038 prae-

331 2053 404 2134 fert,
419 2075 504 2115 nunc
518 2053 611 2139 quasi
627 2074 755 2116 suorum
773 2051 897 2139 judicio
912 2053 1128 2133 sacerdotum,
1139 2076 1224 2119 nunc
1239 2055 1281 2119 ad

330 2176 402 2219 eum
432 2153 670 2241 praeficiendum
703 2157 804 2220 totius
832 2154 945 2242 populi
975 2170 1050 2222 vota
1080 2172 1285 2222 concurrunt.

331 2257 428 2322 Unde
450 2271 483 2323 et
504 2258 537 2321 in
553 2257 651 2323 veteri
675 2260 881 2322 Testamento
905 2258 1033 2342 legitur,
1050 2259 1134 2350 ¹quia
1155 2264 1285 2347 Moyses

331 2360 537 2425 ordinaturus
557 2382 642 2434 erim,
659 2360 715 2444 qui
730 2372 880 2445 praeesset
900 2360 932 2422 in
954 2359 1085 2446 populo,
1100 2364 1285 2427 convocavit

332 2482 454 2525 omnem
480 2482 685 2545 synagogam,
703 2473 739 2522 ut
763 2460 934 2544 eligeretur
957 2472 1079 2524 astante
1099 2462 1230 2547 populo,
1245 2485 1284 2526 ne

334 2585 399 2647 qua
408 2559 610 2647 postmodum
621 2558 803 2623 retractatio
813 2556 976 2642 cuiquam,
985 2580 1025 2620 ne
1035 2558 1107 2643 quis
1117 2562 1286 2644 scrupulus

332 2663 495 2728 resideret.
542 2660 677 2745 Legitur
698 2662 731 2723 in
755 2658 837 2723 libro
859 2662 997 2742 Regum,
1017 2659 1103 2744 quod
1128 2661 1206 2728 Saul
1229 2684 1286 2725 rex

334 2765 477 2838 futurus,
492 2784 649 2848 apparens
663 2764 696 2826 in
711 2759 791 2825 facie
811 2761 934 2847 populi,
949 2761 990 2826 ab
1004 2762 1145 2827 humeris
1160 2787 1286 2831 sursum

335 2864 590 2951 supereminebat
613 2867 796 2931 universum
822 2868 990 2950 populum.
1035 2868 1142 2939 Quare
1166 2890 1287 2953 quaeso,

335 2966 393 3031 nisi
410 2966 488 3051 quia
502 2987 596 3052 quem
613 2979 740 3052 oportet
755 2988 890 3052 praeesse
905 2966 986 3044 aliis,
1002 2979 1130 3052 pectore
1144 2968 1240 3034 debet
1255 2986 1287 3037 et

334 3091 389 3132 ore
403 3058 593 3155 prominere,
609 3081 645 3133 ut
660 3069 753 3155 quasi
768 3069 926 3132 bonorum
942 3091 1074 3155 operum
1091 3069 1174 3135 ulnis
1191 3072 1290 3137 totius

335 3168 447 3255 populi
476 3169 679 3235 latitudinem
716 3168 892 3255 amplexari
920 3169 1035 3245 valeat,
1059 3183 1092 3235 et
1121 3185 1288 3258 protegere

336 3284 489 3358 tanquam
516 3271 651 3350 doctior,
676 3276 824 3347 sanctior,
851 3272 1119 3358 circumspectior,
1145 3287 1177 3339 et
1202 3278 1288 3341 omni

337 3373 453 3439 virtute
468 3375 689 3459 praestantior?
714 3375 802 3440 Dicit
818 3375 900 3439 enim
912 3374 1069 3440 Dominus
1080 3375 1121 3440 ad
1136 3378 1288 3463 Moysen:

337 3480 472 3542 Assume
486 3476 526 3541 ad
543 3477 746 3565 temetipsum
758 3480 781 3541 J
783 3498 872 3543 esum
889 3477 991 3541 filium
1008 3478 1120 3560 Navae,
1131 3480 1289 3547 hominem

338 3577 393 3663 qui
423 3577 519 3642 habet
551 3579 706 3665 Spiritum
735 3580 796 3645 Dei
821 3580 855 3644 in
882 3579 1061 3666 semetipso,
1087 3594 1120 3646 et
1149 3582 1291 3668 impones

337 3702 448 3745 manus
475 3695 546 3747 tuas
572 3704 669 3769 super
690 3704 776 3759 eum,
798 3696 830 3747 et
853 3695 974 3749 statues
1000 3706 1105 3749 coram
1134 3687 1291 3752 Eleazaro

337 3783 510 3859 sacerdote,
533 3796 566 3848 et
593 3798 752 3872 praecepta
779 3786 807 3849 ei
833 3786 910 3850 dato
933 3785 965 3849 in
992 3801 1164 3872 conspectu
1193 3791 1292 3855 totius

338 3906 520 3970 synagogae,
544 3898 576 3952 et
600 3888 738 3974 praecipe
765 3889 805 3953 de
834 3889 906 3975 ipso
930 3911 1036 3953 coram
1059 3889 1115 3968 eis,
1141 3904 1173 3955 et
1199 3891 1292 3957 dabis

338 3984 512 4050 claritatem
537 3999 625 4051 tuam
649 4011 745 4074 super
769 3989 873 4068 illum,
898 4001 936 4053 ut
962 3989 1095 4055 audiant
1118 3990 1209 4056 illum
1234 3992 1291 4057 filii

341 4086 450 4151 Israel.
496 4088 600 4152 Audis
622 4090 785 4154 evidenter
807 4092 1038 4156 ordinationem
1062 4092 1213 4178 principis
1234 4117 1292 4181 po·

340 4186 407 4270 puli
432 4201 496 4253 tam
521 4190 686 4255 manifeste
708 4191 912 4278 descriptam,
935 4204 972 4256 ut
994 4215 1074 4277 pene
1097 4195 1294 4279 expositione

342 4307 403 4348 non
426 4302 531 4370 egeat.
579 4291 613 4353 Si
635 4312 703 4353 eam
727 4303 832 4355 tamen
857 4290 1053 4357 manifestius
1072 4294 1202 4375 quaeris,
1224 4317 1293 4361 eam
