3384 5234
376 678 448 723 oar.
465 660 534 741 nu]
724 675 979 725 eorrcnarrous.
1267 666 1327 727 321

375 832 446 914 quis
457 831 603 915 iniquum
613 832 748 906 lucrum,
760 832 809 894 vel
822 830 973 894 damnum
987 831 1112 908 sentiat,
1123 835 1325 914 praecavebit.

374 932 529 1016 Congruit
545 933 632 996 enim
644 934 730 996 bono
745 942 777 996 et
790 934 876 1013 gravi
891 932 1031 1016 praesidi,
1043 954 1153 996 curare
1164 943 1200 996 ut
1212 948 1326 1015 pacata

373 1042 406 1096 et
427 1034 534 1117 quieta
555 1034 595 1097 sit
613 1034 797 1117 provincia:
812 1030 915 1117 ‘quod
932 1031 1027 1096 facile
1050 1033 1210 1097 obtinebit
1230 1035 1257 1097 si
1273 1056 1326 1098 so·

371 1135 460 1199 licite
492 1147 576 1217 agat,
611 1145 646 1197 ut
672 1134 764 1198 malis
794 1133 980 1196 hominibus
1012 1134 1179 1214 provincia
1211 1149 1327 1213 careat,

371 1256 491 1318 eosque
507 1234 682 1319 conquirat.
721 1236 805 1297 Nam
821 1244 854 1296 et
869 1234 1052 1314 sacrilegos,
1065 1234 1217 1308 latrones,
1229 1235 1324 1313 fures,

370 1336 540 1419 plagiarios
564 1336 751 1419 conquirere
777 1335 883 1410 debet,
910 1344 943 1397 et
966 1342 1061 1415 prout
1085 1333 1219 1416 quisque
1246 1335 1323 1398 deli·

370 1436 485 1520 querit,
501 1436 533 1498 in
550 1458 622 1499 enm
638 1435 899 1511 animadvertere,
910 1443 1188 1517 receptatoresque
1203 1456 1323 1511 eorum,

371 1537 440 1599 sine
466 1537 584 1621 quibus
611 1538 690 1599 latro
714 1536 834 1598 diutius
857 1535 954 1597 latere
980 1556 1044 1597 non
1067 1544 1181 1618 potest.
1226 1538 1323 1599 Omni

370 1659 445 1700 vero
466 1637 522 1720 jus
546 1637 691 1700 reddenti
718 1635 951 1700 observandum
977 1648 1035 1715 est,
1058 1648 1093 1700 ut
1114 1637 1148 1699 in
1173 1636 1322 1699 adeundo

371 1738 500 1822 quidem
520 1738 645 1801 facilem
665 1759 698 1799 se
720 1740 871 1820 praebeat,
892 1736 949 1799 sed
972 1738 1135 1800 contemni
1154 1758 1219 1799 non
1239 1737 1321 1819 pati-

371 1846 449 1899 atur.
495 1838 591 1902 Unde
615 1838 771 1902 mandatis
794 1838 950 1921 adjicitur,
975 1860 1015 1901 ne
1039 1839 1193 1921 praesides
1215 1838 1248 1900 in
1272 1839 1320 1900 ul·

369 1937 516 2001 terionem
533 1940 777 2003 familiaritatem
792 1940 1004 2022 provinciales
1019 1939 1196 2003 admittant.
1236 1941 1322 2002 Nam

370 2062 412 2102 ex
433 2042 671 2105 conversatione
691 2042 817 2125 aequali,
832 2041 1031 2123 contemptio
1053 2040 1195 2104 nascitur
1217 2039 1320 2121 digni-

369 2143 452 2207 tatis.
496 2144 542 2206 Et
563 2143 744 2206 summatim
763 2144 808 2206 ita
828 2142 885 2225 jus
908 2140 1000 2205 reddi
1028 2143 1136 2219 debet,
1156 2153 1191 2204 ut
1210 2150 1320 2204 aucto·

368 2244 493 2307 ritatem
523 2243 686 2325 dignitatis
711 2244 841 2327 ingenio
869 2265 928 2308 suo
954 2253 1078 2326 augeat.
1136 2242 1202 2307 Sed
1228 2250 1261 2305 et
1288 2244 1321 2305 in

368 2343 608 2426 cognoscendo,
630 2366 692 2407 nec
718 2343 955 2407 excandescere
980 2343 1130 2406 adversus
1152 2365 1218 2421 eos,
1241 2365 1322 2426 quos

368 2447 470 2509 malos
484 2454 587 2528 putat,
599 2466 658 2507 nec
675 2446 824 2526 precibus
835 2444 1093 2507 calamitosorum
1107 2444 1321 2526 illachrymari

369 2559 501 2629 oportet.
547 2546 587 2608 Id
607 2547 692 2609 enim
707 2555 836 2607 nonest
855 2544 1030 2606 constantis
1045 2555 1077 2606 et
1095 2544 1174 2606 recti
1186 2542 1321 2625 judicis,

370 2648 461 2731 cujus
486 2655 609 2708 motum
635 2645 733 2707 animi
759 2645 865 2707 vultus
891 2643 1020 2725 detegit.
1066 2642 1154 2715 Quid
1179 2644 1321 2705 enimin

368 2748 434 2810 viro
451 2748 539 2826 gravi
550 2745 737 2825 deformius,
751 2766 849 2829 quam
864 2746 889 2808 si
905 2744 947 2808 ad
962 2767 1069 2809 auram
1082 2766 1172 2828 genae
1188 2746 1321 2829 pallent,

369 2850 453 2912 cutis
472 2849 506 2910 in
527 2870 620 2931 rugas
640 2848 850 2924 contrabitur,
864 2848 1042 2911 scintillant
1063 2850 1160 2926 oculi,
1176 2850 1321 2911 turbatur

368 2952 491 3026 vultus3
513 2960 568 3013 aut
583 2951 610 3014 si
626 2949 816 3030 sanguinem
834 2950 927 3013 faciei
946 2950 993 3013 ira
1007 2949 1166 3028 accendit,
1181 2960 1214 3013 et
1228 2952 1321 3035 quasi

369 3052 515 3114 excludit
528 3052 562 3114 in
585 3049 800 3134 superficiem,
816 3051 999 3134 spumantia
1019 3061 1205 3135 torquentur
1223 3052 1319 3129 labia,

368 3152 500 3216 brachia
514 3152 690 3236 jactantur,
713 3153 831 3216 saliunt
853 3152 966 3234 pedes,
985 3174 1102 3236 corpus
1121 3153 1268 3237 trepidat,
1288 3164 1321 3217 et

369 3263 436 3318 toto
455 3267 546 3336 gestu
565 3275 630 3317 non
651 3264 716 3318 tarn
737 3256 851 3317 iratum
874 3255 1033 3338 exprimit,
1048 3276 1143 3339 quam
1163 3256 1321 3318 insanum.

369 3353 461 3418 Certe
471 3376 571 3437 quum
580 3355 659 3418 tales
669 3354 774 3433 video,
784 3354 961 3438 compatior
969 3355 1042 3433 illis,
1050 3355 1193 3439 mihique
1203 3365 1321 3428 metuo,

368 3475 490 3517 memor
518 3454 699 3533 bominum,
729 3476 811 3537 quos
841 3455 875 3516 in
909 3455 1019 3519 Africa
1055 3478 1135 3536 esse,
1168 3458 1202 3520 in
1239 3456 1321 3517 libro

368 3556 519 3619 naturalis
548 3556 688 3618 historiae
719 3556 806 3639 apud
837 3556 978 3619 Plinium
1004 3556 1117 3621 didici.
1161 3558 1322 3620 Dicuntur

369 3657 455 3720 enim
470 3655 658 3720 effascinare
674 3678 752 3720 voce
768 3668 800 3721 et
815 3657 938 3737 lingua,
954 3668 989 3722 ut
1004 3660 1031 3721 si
1049 3659 1225 3743 impensius
1240 3660 1320 3723 forte

367 3756 568 3820 laudaverint
582 3756 731 3839 pulchras
754 3760 893 3832 arbores,
910 3769 1034 3839 segetes
1048 3760 1249 3840 amoeniores,
1263 3761 1319 3823 lae·

367 3856 464 3920 tiores
477 3856 624 3931 infantes
637 3879 738 3942 equos
753 3859 908 3941 egregios,
921 3861 1063 3942 pecudes
1077 3873 1171 3943 pastu
1181 3872 1214 3926 et
1229 3864 1319 3925 cultu

368 3958 516 4041 optimas,
530 3972 659 4041 repente
674 3960 861 4032 moriantur,
877 3971 932 4023 aut
949 3974 1092 4043 pereant.
1136 3962 1320 4026 Fascinatio

368 4082 495 4146 quoque
510 4064 675 4125 oculorum
690 4062 829 4125 exitialis
844 4072 904 4125 est.
948 4066 1057 4128 Refert
1071 4066 1156 4129 idem
1171 4067 1320 4131 homines

368 4183 437 4225 csse
452 4164 485 4223 in
503 4162 653 4245 Illyricis,
669 4163 722 4246 qui
738 4163 925 4227 interimant
939 4165 1089 4244 videndo,
1104 4187 1185 4250 quos
1200 4167 1320 4231 diutius

368 4263 440 4325 irati
462 4262 607 4325 viderint.
653 4265 785 4348 Eosque
804 4266 895 4347 ipsos
915 4288 1029 4341 mares,
1044 4267 1243 4351 feminasque
1259 4270 1317 4351 qui

415 4381 487 4425 von.
505 4381 555 4426 111.
847 4384 869 4426 Y
