3384 5234
454 670 513 727 114
698 678 834 724 scaurus
850 678 1129 724 snausanarunsrs
1265 660 1347 741 [mu.
1363 682 1399 726 11.

450 841 540 896 tanta
559 852 626 894 suas
649 828 832 895 stabilitatis
856 828 1073 893 incolumitate
1097 828 1182 913 viget
1203 844 1235 895 et
1254 830 1344 907 vivit,
1361 843 1398 894 ut

452 932 542 996 nullo
563 954 669 995 rerum
686 943 774 995 motu
790 930 928 1007 concuti,
943 930 1031 995 nulla
1053 931 1151 1015 possit
1166 933 1328 1018 temporis,
1342 943 1399 995 aut

452 1056 542 1099 casus
557 1032 770 1097 mutabilitate
785 1031 929 1094 convelli.

453 1315 532 1400 Cap.
548 1321 601 1381 22.
629 1316 721 1390 Quod
734 1335 773 1378 aar
791 1315 936 1396 possibili
950 1335 1015 1377 nort
1029 1322 1185 1396 aequatur
1199 1318 1401 1399 impossibile,

495 1425 526 1480 et
546 1417 624 1497 quid
639 1438 679 1481 aar
693 1437 755 1498 quo
769 1418 947 1480 necessario
964 1425 1179 1497 consequatur
1199 1422 1287 1483 nucu
1303 1420 1402 1483 Altis·

496 1519 608 1595 simus,
622 1520 679 1599 qui
693 1520 799 1580 omniu
814 1520 900 1579 solus
914 1524 1026 1598 puteat.

496 1653 615 1714 Iussus
626 1661 730 1714 tamen
742 1649 861 1726 dicens,
872 1649 930 1711 nisi
941 1649 1080 1714 evenerit
1089 1648 1212 1737 aliquid
1223 1653 1309 1739 quod
1321 1675 1402 1738 prae-

452 1750 544 1829 vidit,
553 1750 633 1816 illud
649 1764 734 1814 certa
748 1749 977 1834 significatione
992 1752 1215 1837 complectens,
1226 1755 1309 1819 forte
1323 1755 1402 1840 lapi-

452 1851 524 1915 dem
547 1873 728 1915 recasurum
750 1850 782 1913 in
805 1864 932 1927 terram,
947 1851 1071 1916 fallitur
1093 1853 1270 1939 dispositio.
1316 1854 1403 1927 Quia

451 1977 528 2037 ergo
543 1953 624 2038 lapis
647 1975 709 2016 nou
732 1953 870 2016 recidere
893 1966 1010 2039 potest,
1029 1956 1124 2039 jubes
1139 1978 1189 2018 me
1212 1958 1253 2020 de
1276 1957 1403 2022 duobus

451 2056 576 2141 eligere,
591 2076 728 2140 quorum
745 2068 895 2117 neutrum
911 2056 1121 2119 communiter
1138 2057 1347 2141 approbatur,
1364 2072 1400 2123 ut

451 2160 502 2223 vel
515 2159 617 2223 fatear
631 2156 861 2243 providentiam
877 2180 968 2243 posse
983 2158 1062 2235 falli,
1079 2159 1166 2243 quod
1183 2158 1262 2222 fides
1283 2160 1399 2223 abhor-

450 2273 510 2338 ret,
528 2260 587 2339 vel,
609 2257 698 2344 quod
720 2257 875 2322 absonum
898 2271 957 2337 est,
980 2283 1020 2324 ex
1042 2259 1184 2344 possibili
1205 2260 1400 2346 impossibile

450 2359 669 2426 consecutione
699 2382 773 2423 vera
807 2360 999 2425 consentiam
1035 2363 1170 2427 evenire.
1229 2363 1400 2444 Angustiae

449 2462 578 2550 quidem
602 2473 677 2526 sunt
701 2461 856 2547 undique.
910 2462 1006 2541 Hinc,
1028 2486 1068 2526 ne
1093 2462 1232 2526 divinam
1259 2467 1401 2529 minuam

449 2566 665 2650 majestatem
695 2564 780 2641 inde,
803 2586 843 2627 ne
866 2568 1039 2629 multorum
1062 2563 1253 2630 clamoribus
1274 2579 1306 2632 et
1333 2590 1402 2631 sen-

451 2667 572 2744 tentiae,
595 2690 667 2753 quae
684 2668 751 2752 jam
775 2666 841 2729 fere
863 2665 1008 2732 omnibus
1030 2688 1180 2750 persuasa
1200 2680 1262 2744 est,
1278 2680 1401 2732 contra-

450 2770 562 2835 dicam.
604 2768 665 2833 Sed
682 2767 758 2852 quia
773 2768 886 2832 melius
897 2782 944 2833 est
959 2768 1097 2833 incidere
1110 2766 1143 2831 in
1159 2767 1284 2853 linguas
1298 2770 1400 2833 homi-

449 2895 538 2953 num,
565 2893 661 2958 quam
689 2870 787 2955 impie
813 2874 931 2935 versari
960 2871 992 2933 in
1025 2874 1142 2947 Deum,
1169 2871 1195 2934 si
1225 2885 1400 2958 utrumque

450 2975 551 3039 vitare
573 2996 636 3036 non
658 2994 801 3059 possum,
817 2972 956 3036 absonus
977 2971 1061 3035 malo
1083 2971 1193 3052 videri,
1208 2996 1307 3059 quam
1328 2995 1399 3057 per-

449 3076 543 3141 fidus.
582 3075 735 3139 Nondum
751 3076 867 3137 etenim
880 3073 1028 3139 omnibus
1041 3096 1227 3159 persuasum
1240 3087 1298 3151 est,
1311 3073 1399 3159 quod

449 3200 489 3241 ex
505 3176 645 3263 possibili
661 3174 855 3260 impossibile
870 3198 932 3239 non
949 3188 1109 3261 sequatur.
1149 3178 1232 3241 Nam
1249 3176 1308 3239 hoc
1323 3195 1401 3239 nou-

448 3276 528 3342 nulli
543 3276 719 3361 recipiunt;
745 3274 798 3338 sed
814 3297 853 3337 an
870 3286 965 3353 recte,
977 3273 1115 3339 viderint
1128 3275 1187 3361 ipsi
1199 3287 1231 3339 et
1241 3274 1399 3360 judicent.

449 3382 491 3442 At
508 3393 545 3440 ut
560 3399 599 3439 ex
615 3397 690 3438 vero
713 3373 830 3436 falsum
853 3386 1017 3458 sequatur,
1034 3397 1127 3437 nemo
1149 3378 1273 3460 sapiens
1294 3380 1401 3462 acqui-

449 3476 535 3540 escit.
582 3476 696 3538 Verum
714 3471 871 3557 siquidem
887 3496 927 3536 ex
943 3474 1023 3536 falso
1039 3476 1184 3559 sequitur
1198 3489 1230 3541 et
1246 3500 1332 3556 vero,
1345 3478 1400 3543 sed

450 3597 489 3637 ex
514 3596 600 3651 vero,
624 3594 687 3636 non
714 3572 773 3635 nisi
799 3595 920 3637 verum.
965 3577 1018 3636 Ex
1042 3575 1184 3658 possibili
1211 3601 1341 3663 quoque
1367 3593 1399 3645 et

449 3673 646 3761 impossibili,
660 3673 820 3737 interdum
845 3673 994 3759 possibile
1009 3677 1174 3758 sequitur;
1206 3699 1269 3739 nun
1293 3692 1399 3743 tamen

423 3796 434 3817 ⁰
450 3799 490 3839 ex
506 3774 620 3860 quovis
634 3772 823 3858 impossibili
837 3774 944 3836 omnia
961 3772 1177 3856 impossibilia.
1223 3775 1292 3839 Nisi
1317 3778 1400 3843 forte

448 3875 533 3939 aliud
551 3872 609 3937 tibi
624 3872 834 3957 persuaserint
847 3870 904 3949 illi,
915 3894 1052 3956 quorum
1069 3876 1096 3936 si
1107 3873 1211 3936 omnia
1223 3898 1297 3939 vera
1312 3892 1398 3955 suut,

448 4000 485 4040 ex
504 3998 569 4038 uno
591 3972 788 4059 impossibili,
803 3986 984 4057 sequuntur
1007 3973 1113 4036 omnia
1135 3975 1351 4061 impossibilia,
1366 3994 1398 4044 et

448 4102 487 4143 ex
511 4077 625 4163 quovis
648 4075 738 4150 falso,
756 4072 906 4159 quaelibet
931 4073 1020 4137 falsa.
1066 4077 1101 4140 Si
1116 4097 1189 4140 vero
1207 4079 1399 4147 obtinuisses

447 4204 487 4243 ex
502 4202 576 4241 vero
590 4176 718 4251 falsum,
730 4176 805 4261 jure
816 4194 847 4238 et
863 4198 903 4239 ex
919 4178 1074 4239 sententia
1084 4179 1238 4255 omnium,
1250 4202 1400 4264 quererer

446 4304 540 4349 mea
569 4277 679 4345 semita
705 4276 846 4342 veritatis
876 4277 1063 4343 abductum.
1115 4281 1189 4344 Non
1215 4293 1319 4346 tamen
1350 4282 1399 4347 his
