3384 5234
323 669 394 714 cae.
411 655 499 735 vna]
696 672 949 719 conveniamus.
1216 662 1277 724 179

320 828 354 883 'et
375 821 490 884 veritas
510 822 597 901 fidei,
612 823 681 888 sine
704 846 768 907 qua
789 845 847 888 nec
870 826 978 905 gratim
1002 826 1131 908 quidem
1154 847 1272 892 nomen

318 921 472 1001 subsistit,
494 926 584 987 nullo
611 925 825 989 simulationis
846 926 922 989 suco
949 928 1053 990 valeat
1077 927 1270 994 obumbrari.

318 1020 382 1084 Sed
393 1022 462 1106 jam
474 1044 575 1107 quum
584 1024 626 1088 ad
636 1026 782 1089 homines
790 1037 922 1090 ventum
933 1026 985 1105 sit,
996 1026 1052 1110 qui
1062 1048 1128 1089 non
1140 1028 1272 1107 amicos,

316 1122 373 1185 sed
387 1123 512 1207 seipsos
526 1124 561 1186 in
582 1125 718 1205 singulis
733 1135 853 1204 amant,
867 1126 1110 1209 multiplicitatis
1128 1128 1222 1193 fucus
1236 1139 1272 1193 ut

315 1224 441 1305 placeat
455 1225 652 1287 necessarius
667 1235 725 1288 est.
763 1224 860 1308 Apud
874 1226 953 1289 istos
968 1227 1052 1290 enim
1069 1227 1180 1307 gratia,
1196 1228 1271 1311 quia

316 1324 413 1403 gratis
427 1345 492 1386 non
507 1335 565 1399 est,
576 1323 645 1407 jam
661 1345 726 1387 non
742 1326 852 1406 gratia,
868 1326 927 1389 sed
948 1326 1030 1389 lucri
1044 1327 1268 1390 inescatorium

314 1434 372 1486 est.
417 1424 530 1487 Facies
558 1424 718 1508 siquidem
747 1426 922 1490 meretricis
950 1425 1034 1490 facta
1062 1437 1112 1489 est
1139 1426 1180 1504 ei,
1205 1448 1266 1490 nee

313 1524 528 1607 quodcunque
554 1526 665 1588 vitium
693 1526 863 1602 erubescit,
890 1525 966 1588 dum
990 1526 1070 1589 lucri
1095 1525 1199 1589 tendit
1224 1527 1267 1589 ad

313 1632 480 1705 quaeslum.
538 1626 638 1688 Vetus
668 1625 799 1708 querela
831 1634 888 1689 est·
909 1625 1072 1708 sapientis,
1100 1624 1266 1707 indiguum

313 1723 463 1786 amicitias
476 1725 615 1805 lugentis
629 1746 799 1790 occasum:

417 1841 487 1894 Illud
498 1844 619 1896 amicitia
630 1846 758 1912 quondam
769 1846 916 1899 venerabile
928 1864 1021 1900 nomen
1070 1880 1072 1883 -

487 1925 603 1992 Prostat,
615 1932 642 1979 et
653 1929 680 1981 in
691 1934 794 1997 quaestu
805 1947 851 2000 pro
863 1930 998 1982 meretrice
1009 1931 1092 1983 sedet.

312 2037 406 2110 Quod
422 2060 465 2102 ex
479 2060 519 2102 eo
534 2049 669 2112 constat,
684 2042 771 2125 quod
787 2042 815 2105 si
830 2052 937 2106 cesset
955 2043 1085 2120 utilitas,
1100 2062 1189 2105 rarus
1209 2051 1264 2105 aut

310 2141 418 2202 nullus
433 2148 492 2218 est,
507 2140 561 2223 qni
576 2151 706 2223 propter
721 2162 755 2204 se
771 2142 918 2205 virtutem
932 2143 1081 2207 amicitiae
1097 2143 1192 2205 colat.
1223 2144 1262 2205 ln

309 2249 357 2302 tot
371 2241 500 2303 circulis
512 2242 713 2319 saeculorum,
725 2243 758 2304 in
771 2253 861 2307 tanto
872 2254 999 2307 aetatum
1011 2246 1116 2327 lapsu,
1127 2243 1160 2305 in
1175 2251 1264 2306 tanta

311 2340 516 2404 multitudiue
542 2349 574 2404 et
600 2340 780 2405 differentia
809 2362 1027 2424 personarum,
1057 2343 1122 2420 vix,
1153 2351 1189 2404 ut
1218 2342 1264 2404 ait

309 2440 440 2515 Laelius,
455 2441 517 2503 tria
535 2438 750 2516 inveniuntur,
766 2450 822 2503 aut
836 2450 973 2523 quatuor
992 2442 1081 2523 paria
1095 2441 1129 2502 in
1146 2462 1262 2504 amore.

309 2539 383 2601 Hoc
407 2539 511 2623 ipsum
538 2540 665 2602 Arbiter
690 2548 797 2602 nostor
825 2539 1016 2619 ingemiscit,
1041 2539 1101 2600 etsi
1131 2540 1260 2600 alterius

309 2639 452 2702 videatur
466 2640 610 2702 induisse
625 2661 804 2721 personam.
849 2640 904 2702 Ait
918 2639 1021 2702 enim:

413 2758 517 2811 Nomen
529 2759 651 2812 amicitiae
662 2761 693 2822 si,
706 2764 833 2828 quatenus
846 2758 961 2828 expedit,
973 2758 1063 2822 haeret,

448 2841 570 2895 Calculus
580 2844 607 2895 in
618 2843 708 2895 tabula
719 2843 816 2896 mobile
828 2843 900 2896 ducit
911 2859 982 2912 opus.

414 2928 503 2989 Quum
512 2927 615 2980 fortuna
625 2934 721 2993 munet,
733 2927 832 2981 vultum
843 2928 953 2980 servatis
964 2926 1049 2990 amici,

448 3015 534 3077 Quum
546 3014 649 3079 cecidit,
662 3014 730 3085 turpi
741 3014 844 3065 vertitis
855 3031 901 3065 ora
911 3012 984 3079 firga.

409 3096 482 3147 Grex
494 3096 550 3163 agit
561 3097 589 3148 in
599 3113 678 3149 scena
689 3097 804 3161 mimum,
817 3100 891 3167 pater
903 3095 947 3147 ille
958 3100 1070 3168 vocatur,

443 3180 527 3232 Filius
538 3180 591 3243 hic,
602 3197 697 3232 nomen
710 3179 799 3233 divitis
810 3180 856 3232 ille
868 3184 950 3232 tenet.

409 3264 477 3315 Mox
488 3264 533 3316 uhi
545 3262 667 3316 ridendas
677 3263 781 3315 inclusit
792 3263 889 3334 pagina
900 3268 996 3332 partes,

444 3347 517 3400 Vera
528 3348 595 3400 redit
606 3346 697 3413 facies,
710 3347 872 3400 dissimulata
883 3349 959 3418 perit.

355 3594 437 3676 Cap.
453 3596 484 3656 Β,
500 3593 748 3657 ,venundata
765 3593 937 3668 Comoedio,
952 3594 1003 3655 val
1022 3590 1202 3672 llugoedio.

344 3729 397 3790 ΕΤ
420 3726 551 3810 quidem
572 3728 709 3809 eleganti
733 3728 831 3790 utitur
854 3726 1074 3801 similitudine,
1096 3728 1171 3813 quia
1192 3727 1256 3790 fere

301 3827 457 3912 quicquid
471 3828 506 3890 in
522 3831 615 3892 turba
629 3828 770 3912 profanae
783 3826 995 3890 multitudinis
1010 3826 1125 3907 agitur,
1137 3847 1254 3889 comoe-

301 3929 362 3992 diae
379 3951 474 4011 quam
496 3929 543 3992 rei
557 3940 654 4010 gestae
674 3926 809 3991 similius
828 3936 887 3989 est.
932 3926 1052 3989 Militia
1066 3936 1126 4003 est,
1139 3927 1254 4009 inquit,

299 4030 365 4093 vita
377 4030 519 4093 hominis
534 4041 627 4112 super
642 4036 765 4091 terram.
799 4029 842 4089 At
856 4028 884 4089 si
899 4036 1006 4089 nostra
1020 4033 1167 4107 tempora
1180 4046 1253 4106 pro·

300 4130 448 4210 pheticus
469 4129 599 4213 spiritus
620 4128 834 4210 concepisset,
851 4124 1008 4189 diceretur
1026 4124 1162 4204 egregie,
1179 4126 1255 4205 quia

300 4225 472 4294 Comoedia
487 4210 536 4293 e⁰st
551 4230 617 4293 vita
631 4227 770 4292 hominis
786 4246 882 4307 super
904 4234 1029 4296 terram,
1044 4223 1100 4284 ubi
1120 4222 1254 4303 quisque

749 4347 772 4391 N
791 4334 811 4389 ‘2
