3384 5234
369 682 440 727 eae.
457 664 517 743 1v.]
708 682 964 727 eonsensmcus
1286 668 1324 725 19

368 837 436 900 suis
447 838 541 900 rebus
552 844 583 899 et
594 834 711 898 studiis
723 836 890 898 voluerunt
901 855 970 897 esse
983 843 1180 912 contentum,
1189 835 1320 898 urbanis

366 947 398 1002 et
414 938 616 1015 suburbanis,
629 937 755 1001 colonis
767 957 896 1021 quoque
912 938 963 998 vel
977 937 1102 1000 rusticis
1114 957 1171 999 sua
1185 936 1321 1016 singulis

364 1041 437 1104 loca
451 1050 484 1104 et
497 1040 604 1104 studia
624 1039 878 1123 praescn'bentes.
923 1037 1101 1102 Solicitudo
1122 1038 1318 1119 singulorum

366 1150 398 1204 et
406 1141 551 1204 omnium
560 1141 691 1205 utilitati
700 1141 839 1223 publicae
849 1140 1017 1204 serviebat.
1040 1140 1320 1218 Naturae,laboris,

364 1252 397 1303 et
407 1240 571 1305 industria)
582 1241 721 1303 fructum
731 1240 948 1324 unusquisque
958 1240 1132 1324 recipiebat
1142 1263 1186 1304 ex
1194 1239 1319 1304 merito.

366 1343 472 1405 Nemo
498 1342 586 1426 quod
615 1352 702 1405 esset
733 1341 862 1405 alterius
888 1343 1073 1427 usurpabat,
1104 1353 1253 1406 manente
1282 1342 1318 1405 iu

365 1443 516 1505 omnibus
530 1440 697 1504 individuo
720 1440 864 1503 caritatis
879 1443 1006 1504 affectu.
1044 1442 1169 1503 Primus
1189 1440 1319 1524 quidem

366 1555 398 1608 et
413 1543 541 1607 medius
561 1543 649 1606 urbis
662 1542 753 1606 loeus
775 1544 943 1625 Areopago
963 1543 1072 1619 cessit,
1088 1543 1172 1607 unde
1195 1543 1236 1607 ad
1254 1545 1318 1606 sin·

366 1647 458 1727 gulas
472 1645 694 1727 professiones,
709 1654 804 1727 prout
818 1644 897 1708 ratio
920 1643 1078 1729 cujusque
1093 1645 1190 1707 officii
1210 1643 1319 1726 exige·

365 1748 433 1819 bat,
457 1745 666 1828 dispositione
688 1766 830 1827 congrua
855 1746 1026 1821 institutas,
1049 1747 1226 1810 officiorum
1243 1747 1319 1832 jura

368 1848 459 1931 quasi
471 1845 600 1930 quidam
615 1846 727 1911 salutis
738 1858 770 1911 et
781 1847 853 1911 vitae
864 1848 957 1911 rivuli
969 1847 1192 1912 derivarentur.
1221 1850 1319 1912 Porro

367 1950 401 2011 in
412 1950 462 2012 his
471 1948 609 2012 venandi
620 1970 671 2012 ars
681 1952 731 2013 vel
743 1949 884 2014 officium
897 1950 953 2013 vix
964 1951 1155 2033 permittitur
1166 1951 1319 2015 accedere

367 2051 409 2114 ad
419 2053 638 2128 suburbanos3
662 2072 762 2134 quum
772 2064 938 2117 venatores
946 2064 981 2116 ut
990 2053 1138 2135 agricolae
1148 2053 1319 2137 caeterique

367 2153 481 2216 incolae
492 2174 611 2230 rurum,
623 2154 664 2216 ab
681 2154 814 2218 urbibus
825 2154 1082 2237 nobiliorumque
1094 2166 1181 2218 coetu
1193 2156 1320 2236 longius

368 2265 543 2319 arceantur.
583 2256 724 2318 Omnino
746 2257 833 2320 enim
855 2257 1002 2341 iniquum
1025 2268 1072 2321 est
1093 2257 1249 2320 nobiliora
1271 2257 1320 2319 in·

368 2356 462 2437 genia
474 2356 589 2420 studiis
601 2355 804 2421 dehonestari
816 2358 1003 2436 minoribus,
1013 2368 1045 2421 et
1056 2380 1122 2437 eos,
1131 2379 1211 2441 qnos
1222 2357 1321 2421 ardua

366 2467 399 2520 et
424 2458 569 2538 graviora
592 2469 724 2522 manent
751 2459 868 2533 officia,
895 2454 1067 2542 voluptatis
1094 2471 1148 2524 aut
1172 2460 1320 2523 vanitatis

369 2560 635 2642 occupationibus
650 2559 773 2641 agitari.
818 2561 917 2625 Unde
940 2562 968 2625 si
982 2563 1116 2625 licenter
1133 2572 1321 2624 exerceatur

369 2660 503 2740 venatio,
519 2660 690 2725 artificium
710 2665 760 2726 vel
782 2664 943 2737 officium3
975 2665 1002 2726 si
1024 2676 1144 2739 contra,
1158 2663 1320 2725 levitatem

368 2782 438 2823 eam
454 2784 523 2826 esse
538 2774 593 2827 aut
607 2763 795 2828 malificium
814 2777 1014 2843 censuerunt,
1030 2764 1136 2829 edicto
1153 2764 1321 2847 punientes

369 2882 435 2936 eos,
450 2862 512 2945 qui‘
521 2884 590 2928 eam
605 2876 716 2965 coptra
731 2866 872 2930 officium
887 2877 1086 2949 usurparent.

370 3195 450 3279 Cap.
466 3204 497 3260 4.
520 3198 572 3261 De
585 3203 745 3275 cenatica,
760 3200 1050 3278 etauctoritatem
1065 3198 1227 3281 speciebus
1240 3201 1320 3283 ejus,

600 3310 630 3363 et
646 3304 801 3366 exercitio
816 3304 906 3365 licito
919 3310 951 3366 et
966 3305 1092 3366 illicito.

412 3465 465 3526 Er
494 3465 587 3547 primi
616 3463 747 3547 quidem
776 3464 936 3541 Thebani,
967 3466 995 3529 si
1024 3466 1121 3529 fidem
1151 3488 1323 3551 sequamur

370 3565 522 3644 historiae,
544 3587 615 3629 eam
638 3566 941 3630 communicandam
964 3568 1113 3631 omnibus
1136 3578 1322 3634 statuerunt.

369 3666 415 3728 Et
429 3688 472 3729 ex
488 3688 552 3750 quo
565 3678 716 3750 suspecta
726 3665 768 3730 sit
780 3667 930 3730 omnibus
946 3689 1024 3747 gens
1039 3668 1125 3733 foeda
1134 3671 1323 3753 parricidiis,

375 3765 554 3830 incestibus
568 3765 769 3844 detestanda,
782 3766 919 3848 insignis
938 3767 1059 3846 fiaude,
1073 3778 1150 3832 nota
1168 3770 1324 3854 perjuriis,

369 3866 465 3951 hujus
481 3867 621 3946 artificii,
633 3870 683 3931 vel
697 3868 806 3952 potius
820 3868 977 3944 malificii,
988 3870 1021 3932 in
1037 3870 1148 3953 primis
1162 3881 1325 3955 praecepta

369 3971 543 4055 congessit,
561 3993 633 4055 quae
647 3971 853 4054 postmodum
869 3969 911 4035 ad
923 3979 1053 4054 gentem
1066 3974 1196 4036 mollem
1210 3973 1323 4037 imbel-

367 4072 508 4157 lemque,
519 4068 622 4136 levom
639 4083 671 4135 et
684 4064 885 4156 impudicam⁴
899 4071 1066 4156 (Phrygios
1080 4073 1209 4157 loquor)
1223 4086 1325 4139 trans-

369 4173 516 4238 mitteret.
556 4172 710 4238 Riserunt
729 4194 786 4237 eos
808 4174 1021 4239 Athenienses
1042 4184 1074 4238 et
1088 4175 1327 4240 Lacedaemonii

369 4276 489 4357 populi
497 4275 673 4359 graviores,
680 4275 883 4339 historiarum
898 4284 1129 4357 gesta‚uaturae
1140 4294 1326 4356 morumque

828 4395 846 4437 c
862 4381 882 4436 2
