3384 5234
374 726 444 770 oar.
460 710 552 784 x111.]
725 722 980 770 nonrcaarroas.
1290 703 1331 763 53

376 888 465 961 petes
480 899 576 961 supra
591 877 715 941 culmen
732 875 847 939 domus
863 874 962 958 patris
977 873 1046 959 ejus
1062 871 1222 950 sederunt,
1237 893 1329 933 omen

375 977 510 1063 duplicis
525 977 661 1064 imperii,
676 980 819 1063 Europae
835 976 988 1062 Asiaeque
1003 975 1217 1061 praeferentes.
1248 972 1329 1037 Vul-

376 1098 463 1143 tures
493 1079 712 1143 difficultatem
747 1090 888 1164 portant,
918 1078 1080 1157 duritiam,
1109 1078 1327 1161 rapacitatem,

375 1184 457 1246 sicut
473 1182 571 1246 habes
585 1182 617 1245 in
633 1182 755 1265 origine
775 1182 862 1245 urbis
883 1179 1066 1244 condendae.
1112 1177 1250 1243 Phoenix
1266 1176 1329 1240 sin-

373 1283 494 1365 gularis
509 1281 669 1345 felicitatis
685 1303 846 1344 successus
861 1280 1041 1364 pollicetur,
1058 1277 1152 1364 quale
1168 1290 1226 1355 est,
1238 1277 1327 1362 quod

372 1405 455 1447 nova
467 1384 582 1457 Roma,
595 1382 662 1446 viso
674 1381 831 1468 pboenice,
844 1380 1029 1443 melioribus
1040 1379 1187 1464 auspiciis
1198 1378 1327 1442 condita

373 1495 431 1546 est.
482 1484 564 1546 Avis
588 1482 676 1567 picta
702 1481 775 1544 urbi
804 1481 1010 1545 Pictavorum
1037 1476 1171 1541 contulit
1201 1499 1328 1559 nomen,

373 1584 535 1648 levitatem
557 1584 673 1668 gentis,
690 1583 793 1646 colore
808 1595 840 1646 et
858 1606 933 1645 voce
956 1582 1176 1666 praefigurans.
1222 1580 1327 1645 Ardea

372 1709 479 1750 rerum
506 1686 679 1749 arduarum
706 1684 883 1771 auspicium
909 1697 967 1748 est.
1022 1682 1151 1748 Ciconia
1175 1683 1325 1768 quoniam

373 1788 441 1851 avis
463 1787 640 1850 concordire
662 1799 721 1862 est,
741 1784 941 1849 concordiam
965 1784 1096 1863 invenit,
1118 1796 1175 1847 aut
1198 1806 1326 1847 concor·

372 1887 456 1951 diam
472 1888 559 1951 facit.
605 1891 692 1951 Grus
707 1910 829 1972 semper
845 1886 948 1962 affert,
966 1885 1051 1969 quod
1069 1884 1215 1970 expedit3
1240 1884 1324 1948 unde

373 2003 404 2054 et
423 2014 538 2075 gruere
553 1991 686 2054 verbum
707 1993 888 2074 antiquum,
905 2012 924 2051 a
944 2011 1009 2073 quo
1032 2009 1217 2072 congruere,
1234 1988 1323 2074 quod

294 2140 310 2148 -
370 2092 511 2177 proficit3
537 2104 568 2156 et
584 2092 731 2177 ingruere
746 2104 867 2167 contra,
882 2091 968 2176 quod
983 2088 1089 2153 officit.
1120 2088 1216 2152 Unde
1231 2089 1324 2169 illud,

744 2210 793 2260 Bis
805 2209 902 2261 vitibus
913 2208 1010 2275 ingruit
1022 2208 1113 2259 imber.

371 2316 438 2378 Nec
459 2329 564 2379 tamen
579 2315 716 2379 minores
731 2313 927 2400 contemptui
943 2313 1069 2389 habeas,
1086 2338 1183 2400 quum
1201 2327 1232 2379 et
1253 2318 1325 2401 pica

369 2416 499 2500 loquax,
516 2416 597 2481 sicut
612 2416 653 2478 ad
669 2416 781 2492 multa,
795 2417 839 2479 sic
855 2414 896 2478 ad
912 2416 1142 2501 susceptionem
1158 2415 1321 2502 hospitum

371 2530 402 2581 te
420 2518 516 2582 faciat
537 2519 721 2582 cautiorem.
766 2517 800 2582 Si
823 2517 902 2597 avia,
921 2540 994 2601 quae
1010 2516 1107 2601 vulgo
1127 2516 1247 2581 dicitur
1262 2518 1322 2579 Al-

369 2620 523 2701 banelluS,
552 2618 778 2707 praetervolans
807 2618 901 2695 viam,
925 2642 944 2681 a
968 2617 1102 2681 sinistris
1130 2617 1252 2680 feratur
1281 2618 1323 2680 ad

370 2720 528 2803 dextram,
542 2724 583 2786 de
602 2723 733 2809 hospitii
755 2721 915 2810 hilaritate
931 2746 972 2786 ne
988 2720 1136 2784 dubites:
1161 2718 1186 2783 si
1202 2731 1323 2801 contra,

370 2824 562 2885 contrarium
578 2823 788 2908 exspectabis.
827 2826 912 2887 Aves
928 2821 1110 2885 domesticae
1125 2820 1248 2884 artificii
1265 2820 1322 2884 hu·

365 2922 420 3007 jus
442 2943 505 2984 non
528 2938 602 2986 sunt
624 2936 781 3008 expertes,
795 2945 896 3008 quum
920 2921 997 3006 galli
1013 2934 1124 2985 cantus
1139 2943 1237 3007 spem,
1252 2921 1324 3001 iter,

371 3028 421 3088 vel
444 3046 525 3109 opus
552 3024 730 3088 inchoantis
753 3036 947 3107 promoveat.
1004 3022 1137 3086 Tiberio
1162 3026 1323 3088 nascituro

367 3128 564 3211 praesignans
581 3123 685 3201 Livia,
698 3146 796 3186 ovum
812 3122 939 3207 gallinae
954 3123 1150 3187 subductum
1165 3148 1202 3188 eo
1218 3149 1321 3212 usqne

369 3250 455 3290 nunc
484 3226 560 3303 suiS,
590 3248 675 3290 nunc
705 3225 890 3311 ancillarum
927 3225 1074 3289 manibus
1103 3228 1193 3307 fovit,
1221 3222 1321 3293 donec

367 3327 472 3412 gallus
487 3326 651 3413 insigniter
666 3327 812 3393 cristatus
827 3331 976 3391 exclusus
990 3340 1054 3402 est;
1072 3329 1156 3393 unde
1171 3343 1202 3394 et
1218 3353 1322 3414 augu-

369 3453 419 3493 res
444 3452 600 3515 puerum3
634 3433 689 3515 qui
719 3434 896 3495 nasciturus
925 3443 1003 3507 erat,
1030 3430 1182 3496 dixerunt
1206 3454 1319 3518 regna-

368 3544 490 3596 turum.
535 3532 689 3609 Bubonis,
703 3532 832 3618 strygis,
847 3545 879 3597 et
895 3545 1031 3615 noctuae,
1042 3556 1164 3619 semper
1179 3533 1321 3599 infausta

368 3647 442 3698 sunt
458 3637 574 3698 omina.
620 3638 747 3699 Noctua
768 3648 872 3699 tamen
896 3658 933 3699 eo
955 3635 1042 3721 qnod
1063 3636 1166 3700 noctis
1182 3636 1320 3701 tenebris

367 3758 430 3799 non
456 3750 604 3828 caecatur,
627 3736 789 3821 diligentis
815 3738 951 3801 hominis
974 3738 1168 3823 vigilantiam
1191 3740 1316 3824 signat;

368 3850 404 3901 ut
420 3838 451 3902 in
467 3852 626 3925 portent0,
643 3839 754 3923 quoin
771 3839 862 3903 hasta
886 3840 1047 3918 Hieronis,
1063 3863 1163 3927 quum
1181 3842 1318 3927 primum

366 3942 613 4027 progrederetur
635 3941 675 4005 ad
699 3942 831 4023 bellum,
852 3956 969 4007 noctua
991 3944 1109 4007 dicitur
1132 3944 1319 4024 consedisse,

368 4042 548 4125 significans
562 4065 636 4106 eum
651 4043 797 4108 futurum
816 4043 1104 4128 diligentissimum,
1150 4045 1318 4109 Bubonem

368 4142 466 4222 Dido,
486 4143 563 4208 dum
589 4144 773 4208 misceretur
792 4149 915 4223 AEneae,
932 4146 1028 4209 sensit
1052 4146 1237 4211 infaustum.
1284 4147 1317 4210 Si

368 4244 517 4329 accipiter
540 4246 746 4333 quippiamve
766 4248 891 4331 generis
916 4247 1021 4333 hjuus,
1044 4248 1103 4311 sub
1125 4248 1225 4311 oculis
1247 4270 1319 4330 pro-

366 4343 544 4425 ficiscentis,
571 4347 695 4413 solitam
722 4349 864 4433 rapinam
891 4362 1046 4424 exerceat,
1073 4347 1316 4413 intereundum
