3384 5234
376 675 419 732 40
632 684 768 729 scaurus
784 683 1063 730 sanusnunmusm
1203 668 1284 748 [crs.
1302 689 1325 733 r.

378 847 436 915 est,
450 845 481 897 et
498 835 605 898 caeteri
621 834 740 918 quibus
752 835 921 899 descensus
935 837 973 900 fit
988 836 1020 899 in
1036 835 1195 900 lasciviam
1210 854 1241 901 et
1257 860 1326 900 cor·

375 936 565 1021 ruptionem.
605 936 720 998 Annon
736 935 847 1000 recolis
863 938 1019 1002 Ciconum
1034 950 1149 1001 matres
1164 952 1196 1003 et
1212 961 1322 1019 nurus,

376 1051 475 1104 totam
495 1036 746 1122 ,indignationem
770 1060 856 1102 suam
881 1039 913 1102 in
941 1039 1117 1125 Orpheum,
1139 1039 1196 1125 qui
1221 1061 1325 1103 mares

376 1139 478 1202 modis
500 1139 565 1203 suis
587 1137 845 1213 eliminaverat,
870 1162 972 1226 usque
995 1140 1034 1204 cd
1056 1143 1225 1205 Parcarum
1243 1141 1325 1204 invi,

376 1241 460 1305 diam
483 1238 732 1318 effudisse,·licet
755 1239 807 1302 ille
828 1239 954 1305 flexerit
975 1265 1092 1318 manes,
1108 1242 1324 1327 duritiamque

377 1341 464 1406 Ditis
479 1338 641 1417 mollierit,
659 1339 920 1426 Eurydicemque
936 1364 1023 1405 suam
1040 1342 1125 1405 vocis
1139 1341 1252 1425 gratia,
1267 1340 1327 1405 etsi

374 1443 513 1507 infausta
528 1453 612 1506 sorte
627 1442 799 1505 meruerit?
821 1441 950 1505 Exinde
965 1442 1147 1529 hujusmodi
1160 1440 1324 1506 hominurn

375 1552 518 1627 quaestus
533 1540 722 1627 plerumque
737 1540 862 1605 felicem
885 1543 1007 1606 exitum
1024 1566 1085 1607 non
1102 1556 1275 1630 exspectat,
1291 1554 1322 1614 et

376 1644 469 1720 forte,
484 1643 561 1728 quia

455 1805 457 1810 '
512 1792 574 1845 Non
584 1792 666 1845 habet
676 1795 784 1844 eventus
795 1792 899 1844 sordide
909 1792 996 1863 praeda
1006 1794 1096 1857 bonose

375 1939 455 2014 Quae
474 1958 546 1998 vero
565 1946 684 1998 mentes
703 1932 880 2008 emolliunt,
901 1955 1066 2019 moresque
1086 1936 1287 2017 subvertunt,
1302 1962 1323 2001 a

373 2047 482 2099 nostra
502 2045 597 2098 aetate
619 2033 762 2118 undique
783 2032 1015 2110 adsciscuntur,
1038 2034 1111 2098 licet
1133 2034 1201 2121 ipsa
1223 2037 1319 2114 ultra,
1355 2028 1358 2033 ⁸

372 2157 469 2221 quam
493 2135 568 2199 satis
589 2146 648 2211 est,
671 2132 756 2198 vitiis
783 2133 848 2197 suis
873 2132 1026 2198 abundet.
1073 2134 1105 2196 Si
1128 2155 1320 2220 quemquam

372 2259 480 2299 eorum
498 2235 552 2321 qui
568 2234 785 2299 vehementius
806 2234 855 2297 his
870 2234 1030 2310 insistunt,
1046 2257 1175 2319 gravem
1194 2237 1322 2315 videris,

373 2338 398 2399 si
420 2336 611 2410 modestum,
636 2335 661 2398 si
692 2335 855 2422 pudicum,
877 2335 955 2399 viris
977 2333 1114 2400 fortibus
1139 2349 1318 2401 nostrorum

373 2451 551 2521 temporum
575 2437 678 2522 ipsum
700 2457 925 2500 connumerare
941 2436 1127 2500 memineris.
1172 2438 1322 2515 Quando-

372 2538 502 2624 quidem
528 2537 596 2601 haec
618 2560 689 2602 rara
713 2538 780 2600 avis
805 2549 863 2601 est.
900 2535 1046 2600 Proinde
1070 2537 1201 2622 quidam
1229 2562 1320 2602 vene-

372 2639 480 2703 rabilis
501 2640 561 2718 vir,
579 2638 702 2703 circiter
723 2638 993 2723 septingentarum
1015 2638 1196 2701 monialium
1219 2653 1320 2724 pater,

274 2748 276 2751 ’
370 2741 450 2804 hanc
476 2739 672 2805 monasteriis
702 2740 767 2802 suis
795 2740 989 2825 praescripsit
1014 2740 1126 2824 legem,
1152 2752 1188 2804 ut
1214 2740 1320 2803 omnia

370 2864 478 2908 carum
500 2840 631 2922 cantica,
652 2840 750 2905 totius
772 2840 891 2904 melicae
912 2841 1180 2926 pronunciationis
1199 2854 1319 2906 exuant

370 2944 490 3019 modos,
513 2955 543 3005 et
572 2954 607 3006 ut
630 2941 695 3006 solu
715 2943 907 3027 psalmorum
929 2957 960 3005 et
984 2940 1113 3004 laudum
1139 2942 1201 3005 sint
1224 2942 1319 3025 signi-

368 3045 494 3109 ficativa
511 3044 771 3130 pronunciatione
786 3056 953 3109 contentae.
1000 3045 1155 3129 Suspecta
1169 3042 1318 3128 equidem

367 3147 430 3233 fuit
451 3156 559 3209 sancto
582 3147 649 3209 viro
670 3145 828 3231 voluptati
850 3158 985 3229 cognata
1000 3143 1158 3224 mollities,
1173 3167 1210 3207 eo
1230 3144 1317 3229 quod

367 3248 514 3332 voluptas
529 3269 642 3332 parens
664 3246 833 3310 libidinum
855 3258 913 3310 est.
959 3246 1045 3323 Quid
1062 3246 1147 3330 quod
1164 3246 1231 3309 haec
1245 3247 1316 3331 ipsa

366 3347 624 3433 quotidianorum
650 3347 867 3409 conviviorum
898 3345 1049 3411 malitiam
1080 3347 1187 3420 acuit3
1222 3370 1258 3411 ac
1288 3349 1315 3411 si

368 3471 497 3523 venena,
513 3446 572 3509 nisi
591 3444 730 3510 toxicata
753 3447 828 3523 sint,
842 3467 954 3508 nocere
974 3469 1036 3511 non
1061 3450 1205 3531 possint?
1243 3446 1315 3532 Igni

366 3548 517 3636 stipulam
532 3547 659 3626 addere,
670 3546 774 3610 oleum
791 3545 925 3628 camino,
935 3561 1112 3633 serpentem
1129 3548 1315 3625 intoxicare,

366 3672 469 3715 noune
495 3648 654 3712 dementia
677 3650 747 3720 est?
782 3647 874 3711 Licet
897 3670 1001 3711 rerum
1024 3649 1102 3712 vitia
1123 3647 1315 3730 obtegantur

366 3750 437 3813 velo
459 3750 638 3829 verborum,
661 3769 798 3834 quorum
818 3749 926 3811 eadem
951 3747 1128 3811 substantia
1150 3755 1208 3822 est,
1227 3744 1316 3807 nullu

366 3850 509 3935 profecto
530 3849 709 3914 differentia
727 3861 784 3913 est.
830 3846 915 3921 Quae
935 3847 1022 3934 apud
1045 3848 1178 3911 Graecos
1199 3866 1315 3929 coepu-

367 3952 493 4016 lationis
508 3963 564 4016 uut
583 3948 825 4036 compotationis
844 3961 1013 4012 censentur
1032 3946 1170 4023 nomine,
1185 3967 1205 4008 a
1224 3945 1315 4007 nobis

367 4052 537 4116 honestiori
549 4052 676 4115 nomine
685 4050 830 4114 convivia
845 4049 1062 4114 nominantur.·
1090 4048 1204 4111 Coetus
1218 4044 1314 4131 siqui-

367 4154 438 4217 dem
462 4154 707 4228 conviventium,
730 4175 824 4238 quam
849 4148 1083 4237 coepulantium
1106 4160 1162 4212 aut
1188 4169 1315 4230 compo-

366 4255 502 4321 tantium
528 4253 734 4321 venerabilior
756 4266 813 4328 est.
860 4250 1014 4317 Convivia
1037 4270 1110 4319 vero
1134 4272 1235 4327 nonne
1258 4271 1314 4334 per
