3384 5234
368 684 439 729 cau.
455 670 518 749 ιι]
691 683 948 730 Poironfflcus.
1259 660 1318 723 leo

368 847 539 904 versentur.
573 837 671 901 Unde
690 837 829 900 Ethicus
846 834 992 919 inquieto
1013 841 1104 896 extra
1123 853 1157 896 se
1176 832 1317 914 ineptam

366 938 601 1002 beatitudinem
616 938 802 1021 inquirenti,

753 1042 833 1105 Quod
845 1042 941 1111 quaeris
952 1041 1047 1110 ubique
1058 1044 1108 1103 est,

473 1129 524 1182 Est
536 1128 654 1193 Ulubris,
666 1129 767 1180 unimus
779 1128 802 1179 si
813 1132 841 1180 te
851 1144 902 1179 non
914 1124 1002 1178 deficit
1012 1142 1110 1195 aequus.

369 1282 449 1365 Cap.
465 1286 493 1343 9.
521 1280 618 1349 Quod
636 1278 776 1342 mondus
799 1295 875 1339 suos
894 1276 989 1339 babet
1010 1274 1140 1355 Elysios
1150 1295 1164 1347 ;
1186 1282 1219 1335 et
1238 1274 1324 1355 quod

412 1382 526 1443 eadem
542 1380 630 1461 fides
654 1388 702 1443 est
725 1379 829 1441 nostri
844 1378 1000 1458 temporis
1025 1383 1057 1439 et
1067 1375 1321 1456 precedentium

406 1487 553 1563 potrum,
569 1490 601 1545 et
614 1479 743 1545 virtutis
757 1478 896 1541 cultores
909 1479 1104 1559 inspectores
1113 1484 1190 1538 suat
1204 1474 1323 1539 theatri

414 1581 519 1662 buflis.

415 1693 565 1754 Munnus
579 1690 674 1771 igitur
689 1710 765 1752 suos
782 1689 880 1752 habet

475 1796 588 1866 Elysios,
600 1796 730 1865 solemque
742 1811 818 1848 sunm
829 1799 858 1846 et
869 1810 916 1846 sua
927 1793 1013 1846 sidera
1024 1794 1102 1846 novit.

370 1896 479 1958 Virtus
500 1893 658 1976 siquidem
682 1892 791 1956 solaris
818 1890 947 1975 quidam
974 1890 1081 1953 radius
1106 1900 1166 1967 est,
1192 1911 1211 1953 a
1236 1891 1322 1954 sonte

370 1994 523 2059 claritatis
544 1993 693 2056 omnibus
714 1990 807 2055 datus
823 1991 857 2052 in
874 2012 978 2068 usum,
999 1990 1101 2072 etqui
1120 1991 1229 2054 omnia
1251 2013 1322 2076 quae

370 2095 509 2177 attingit,
529 2094 673 2157 claritate
696 2092 746 2155 sui
767 2092 864 2154 faciat
886 2092 1016 2154 eximia.
1061 2092 1143 2155 Inde
1163 2105 1219 2170 est,
1236 2092 1323 2177 quod

359 2196 467 2259 ⁴etiam
496 2194 554 2273 illi,
581 2215 663 2278 quos
688 2193 787 2276 hujus
810 2191 892 2255 radii
916 2204 1076 2271 venustas,
1102 2194 1194 2276 quasi
1219 2216 1324 2279 reper-

371 2317 465 2360 cussa
490 2296 598 2379 specie
623 2292 671 2358 sui
698 2293 823 2357 videtur
845 2294 981 2373 afflasse,
1009 2296 1114 2358 statim
1141 2296 1176 2357 in
1200 2296 1325 2381 subjec-

371 2408 475 2461 torum
502 2406 678 2478 conspectu
703 2396 893 2471 clarescunt,
917 2394 1061 2478 fiuntque
1086 2396 1324 2478 quodammodo

371 2496 497 2560 virtutis
513 2496 605 2559 titulo
620 2494 759 2577 gloriosi.
797 2494 893 2556 Absit
908 2495 1005 2573 euim,
1019 2503 1055 2556 ut
1069 2495 1237 2577 quisquam
1254 2516 1325 2558 vere

373 2598 413 2660 sit
443 2594 611 2677 gloriosus,
636 2595 699 2658 nisi
726 2595 782 2676 qui
812 2595 845 2657 in
873 2595 1014 2656 Domino
1044 2594 1204 2673 gloriatur.
1249 2597 1326 2658 Non

372 2698 458 2762 enim
474 2697 528 2781 qui
544 2718 578 2759 se
599 2698 718 2780 ipsum,
735 2707 789 2760 aut
808 2717 902 2779 quem
925 2696 1020 2757 homo
1042 2694 1254 2773 commendat,
1270 2696 1326 2760 ille

373 2799 526 2881 probatus
549 2806 607 2875 est,
636 2797 693 2860 sed
715 2819 811 2881 quem
842 2798 932 2859 Deus
960 2795 1171 2860 commendat.
1230 2796 1327 2869 Quod

373 2898 483 2981 utique
506 2917 580 2959 vera
594 2905 627 2960 et
641 2898 710 2960 sola
723 2897 823 2959 virtus
838 2907 985 2975 meretur,
999 2918 1064 2959 non
1081 2908 1326 2980 quantacunque

374 2999 495 3063 virtutis
519 2998 635 3080 imag0.
681 2999 756 3061 Hoc
784 3007 891 3061 autem
914 3020 985 3061 esse
1007 2998 1151 3075 arbitror,
1173 2998 1327 3082 quicquid

373 3102 408 3163 in
424 3100 565 3164 moribus
580 3100 743 3181 egregium
761 3097 803 3162 de
819 3109 939 3162 naturae
959 3098 1130 3176 beneficio,
1153 3111 1185 3161 et
1204 3098 1327 3162 exerci-

374 3199 421 3263 tio
436 3199 552 3262 mentis
568 3199 647 3262 citra
662 3199 806 3280 gratiam,
821 3199 1009 3282 philosophi
1025 3199 1086 3261 sibi
1096 3198 1328 3280 repromittunt,

375 3322 480 3384 eoque
496 3301 566 3384 ipso
579 3311 773 3363 evanuerunt
783 3301 816 3362 in
827 3299 1076 3382 cogitationibus
1088 3299 1165 3374 suiS,
1176 3297 1217 3360 de
1226 3298 1328 3360 libero

375 3401 489 3464 confisi
512 3400 653 3478 arbitri0,
675 3409 708 3464 et
730 3400 875 3465 dicentes
890 3422 924 3463 se
948 3422 1019 3464 esse
1042 3400 1216 3482 sapientes,
1239 3400 1328 3462 stulti

376 3501 453 3564 facti
469 3511 554 3579 sunt,
569 3502 720 3585 stultique
736 3513 961 3585 apparuerunt.
1005 3500 1102 3564 Unde
1118 3501 1266 3578 Ethicus,

622 3607 693 3659 Satis
704 3624 776 3661 orare
788 3608 804 3658 J
807 3625 881 3659 ovem
893 3608 936 3676 qni
949 3607 1028 3658 donat
1040 3612 1067 3658 et
1078 3605 1171 3672 aufert,

449 3690 504 3743 Det
515 3690 606 3755 vitam,
619 3690 663 3743 det
675 3708 743 3763 opss,
756 3693 872 3744 animum
884 3691 948 3742 mihi
961 3708 1011 3759 ego
1022 3692 1078 3763 ipse
1089 3693 1195 3763 parabo.

378 3788 469 3850 Alius
484 3809 623 3871 quoque,

449 3891 560 3945 Nullum
571 3910 667 3945 numen
678 3894 759 3946 babes
772 3894 795 3945 si
806 3894 840 3945 sit
852 3896 1005 3965 prudentia3
1022 3899 1069 3951 sed
1079 3916 1127 3951 nos

447 3977 489 4030 Te
500 3977 619 4043 facimus,
631 3977 743 4044 fortuna,
756 3980 841 4043 deam,
851 3978 968 4049 coeloque
979 3982 1103 4035 locamus.

378 4076 459 4138 Cato
474 4096 613 4159 quoque,
628 4076 704 4139 licet
720 4099 827 4141 verum
845 4098 909 4138 non
926 4079 1109 4157 agnovisset
1120 4081 1237 4155 Deum,
1253 4101 1330 4159 gen-

379 4176 523 4257 tiumque
549 4178 830 4260 superstitionibus
849 4179 1018 4255 aberraret,
1042 4180 1075 4239 iu
1099 4179 1203 4261 Lybie
1226 4189 1331 4241 tamen

381 4274 483 4352 Jovis,
499 4297 594 4358 quem
607 4277 747 4356 colebat,
758 4276 953 4357 contempsit
966 4280 1104 4356 oracula,
1113 4299 1147 4340 se
1158 4278 1197 4340 ad
1210 4300 1247 4341 ea
1259 4300 1330 4360 quae
