3384 5234
428 626 466 684 18
685 636 823 681 roauurs
839 637 1116 683 sanusnnnrausrs
1254 621 1335 700 [nra.
1353 638 1373 681 1.

426 790 573 875 prodigit,
588 799 621 853 et
643 792 675 854 in
698 792 925 855 coutumeliam
946 790 1086 854 auctoris
1099 790 1256 856 effundit?
1287 790 1375 863 Quid

424 914 462 956 eo
486 894 620 972 brutius,
635 894 691 976 qui
714 913 756 957 ex
778 893 908 957 defectu
930 893 1073 971 rationis,
1087 902 1120 956 et
1140 894 1280 977 impulsu
1301 893 1374 956 libi·

425 994 521 1068 dinis
538 994 678 1057 dimissis
699 995 848 1077 propriiS,
865 996 969 1059 aliena
989 995 1118 1076 negotia
1141 1006 1239 1073 curat,
1254 1005 1286 1057 et
1306 1016 1374 1057 non

424 1095 521 1159 modo
536 1096 684 1177 negotiis,
700 1093 756 1159 sed
772 1106 804 1160 et
819 1096 933 1159 alienis
949 1096 1029 1160 ociis
1042 1094 1162 1180 jugiter
1176 1096 1372 1181 occupatur?

424 1197 511 1269 Quid
526 1220 565 1261 eo
580 1199 755 1276 bestialius,
767 1199 823 1282 qui
838 1199 957 1262 omisso
973 1198 1091 1273 officio,
1103 1197 1143 1261 de
1157 1198 1263 1262 media
1277 1210 1373 1261 nocte

423 1300 532 1379 surgit,
563 1310 598 1362 ut
626 1302 796 1381 sagacitate
833 1322 960 1378 canum,
990 1310 1175 1363 venatorum
1206 1300 1373 1374 industria,

422 1400 527 1464 studio
558 1400 825 1478 commilitonum,
855 1400 1049 1463 servulorum
1080 1399 1178 1463 fretus
1209 1402 1374 1484 obsequio,

422 1502 574 1585 temporis
585 1511 618 1565 et
632 1503 724 1566 fama
735 1502 873 1586 jactura,
884 1523 988 1566 rerum
999 1502 1182 1588 laborisque
1194 1501 1372 1587 dispendio,

422 1600 463 1665 de
477 1613 572 1667 noete
588 1602 629 1665 ad
644 1614 774 1667 noctem
789 1614 911 1686 pugnet
925 1603 967 1667 ad
981 1602 1124 1667 bestias?

599 1875 680 1958 Cap.
696 1881 727 1937 2.
754 1873 845 1941 Quid
858 1875 893 1935 in
908 1873 1027 1935 studiis
1041 1877 1196 1938 alienum.

463 2003 626 2064 Aaruuuu
640 2000 783 2083 profecto
799 2008 859 2075 est,
875 1998 963 2081 quod
977 2000 1058 2062 ratio
1071 2011 1192 2065 naturae
1209 2005 1259 2066 vel
1274 2005 1372 2068 officii

418 2122 483 2164 non
499 2099 632 2177 inducit,
648 2100 673 2161 si
689 2108 796 2162 tamen
812 2097 972 2160 interdum
986 2109 1072 2162 recte
1088 2099 1206 2164 dicitur
1220 2102 1371 2178 alienum,

419 2200 505 2283 quod
520 2200 638 2262 rectius
653 2199 755 2261 fuerat
772 2218 897 2279 semper
915 2198 1011 2261 fuisso
1027 2200 1154 2263 nullius.
1200 2202 1280 2272 Quae
1296 2224 1370 2266 vero

417 2312 537 2365 naturae
552 2309 637 2378 sunt,
651 2319 801 2384 peraeque
817 2308 892 2361 sunt
911 2300 1072 2378 omnium3
1101 2323 1174 2385 quae
1190 2303 1298 2380 officii,
1313 2326 1371 2368 sua

418 2413 492 2468 sunt
512 2403 720 2483 singulorum.
766 2400 861 2464 Aliud
884 2391 995 2483 itaque
1016 2423 1058 2464 ex
1079 2402 1197 2481 officio,
1218 2404 1306 2467 aliud
1328 2427 1370 2469 ex

416 2512 547 2568 natura:
577 2505 654 2567 licet
668 2513 789 2566 natnrae
805 2502 852 2565 vis
872 2522 915 2565 ex
930 2503 1038 2566 officio
1060 2502 1223 2567 debeatur.
1268 2507 1371 2570 Parri-

417 2605 493 2669 cidii
508 2605 665 2690 siquidem
681 2604 804 2688 species
825 2614 885 2679 est,
900 2605 1086 2688 impugnare
1103 2606 1178 2690 jura
1192 2618 1323 2686 naturae,
1339 2620 1371 2672 et

416 2708 571 2789 sacrilegii
601 2709 711 2782 instar,
736 2705 879 2789 parentis
907 2707 994 2787 leges
1023 2728 1187 2785 evacuare,
1217 2720 1249 2772 et
1278 2712 1370 2773 matri

416 2811 556 2873 omnium
572 2810 724 2872 honorem
741 2808 887 2871 debitum
903 2829 969 2869 non
984 2810 1107 2871 referre.
1150 2810 1246 2881 Quod
1261 2822 1368 2876 tamen

415 2912 494 2974 ratio
510 2932 552 2974 ex
573 2910 718 2974 honestis
741 2910 845 2973 causis
867 2907 1018 2986 admittit,
1032 2930 1098 2971 non
1113 2918 1162 2972 est
1184 2911 1371 2994 simpliciter

416 3013 565 3075 alienum.
611 3010 645 3074 Si
674 3009 819 3073 modesta
846 3010 927 3071 forte
951 3006 1147 3092 jucunditas,
1173 3011 1224 3073 vel
1248 3012 1369 3076 utilitas

416 3114 535 3190 subest,
550 3123 583 3175 et
603 3111 724 3176 nemini
745 3117 912 3185 noceatur,
927 3109 1006 3185 (hoc
1029 3108 1148 3171 etenim
1169 3130 1235 3173 non
1258 3111 1367 3175 adrer-

415 3224 502 3277 satur
522 3215 628 3278 officio
644 3213 693 3275 vel
716 3220 837 3275 naturae
848 3214 870 3292 3)
901 3210 951 3272 sin
973 3220 1077 3273 autern
1092 3210 1260 3294 impugnat
1275 3215 1367 3277 alter·

415 3330 530 3393 utrum,
552 3315 658 3378 statim
682 3322 785 3376 estet
809 3311 996 3394 simpliciter
1021 3311 1172 3385 alienum,
1195 3327 1228 3375 et
1253 3335 1367 3398 usqne·

414 3436 542 3500 quaque
556 3434 622 3475 non
636 3412 721 3474 licet.
766 3411 875 3495 Hujus
895 3412 1003 3496 itaque
1019 3413 1226 3475 contrectatio
1241 3435 1367 3499 semper

414 3526 471 3594 est,
488 3523 543 3577 ant
557 3512 672 3577 erroris
687 3522 742 3576 ant
758 3512 908 3576 criminis.

415 3788 495 3870 Cap.
511 3792 540 3851 3,
569 3785 769 3851 Distributio
788 3784 977 3870 officiorum,
998 3808 1041 3849 ea
1057 3789 1193 3868 politica
1213 3793 1366 3855 constitu·

762 3890 848 3951 tione
862 3895 1016 3951 veterum.

454 4020 1365 4105 Puruosorrngentium,justitiam,quaepoliticadicitur,

411 4125 581 4209 praeceptis
600 4135 632 4188 et
651 4123 793 4187 moribus
813 4122 1033 4202 informantes,
1054 4124 1147 4207 cujus
1168 4125 1280 4187 merito
1302 4147 1365 4188 res-

410 4227 540 4311 publica
565 4226 731 4289 homiuum
758 4223 904 4289 subsistit
929 4236 961 4290 et
989 4225 1083 4304 viget,
1105 4245 1365 4313 unumquemque
