3384 5234
344 694 415 740 oar.
430 675 521 754 vnn]
698 690 953 735 coercearrcus.
1249 681 1293 739 43

343 840 588 926 magnificentia,
612 862 675 904 nou
699 852 762 905 tam
790 839 958 919 mirabiles,
982 860 1077 924 quam
1102 840 1297 908 miserabiles

342 943 464 1007 faciunt
480 954 614 1006 sumtus.
647 941 709 1006 Illa
721 955 825 1006 tamen
839 953 916 1005 aetas
929 941 977 1018 (ut
988 940 1032 1003 sic
1040 941 1166 1007 interim
1180 942 1296 1025 dicam)

342 1044 536 1109 honestiores
557 1043 672 1108 habuit
695 1042 917 1119 histriones,si
940 1054 1044 1106 tamen
1068 1042 1177 1129 aliquo
1199 1043 1296 1108 modo

342 1146 512 1210 honestum
528 1158 586 1220 est,
603 1143 690 1231 quod
705 1143 790 1207 omni
806 1142 934 1206 homine
954 1141 1055 1206 libero
1068 1144 1296 1230 comprobatur

343 1246 521 1332 indignum.
565 1246 635 1309 Nec
655 1262 761 1309 tamen
784 1243 970 1308 histrionem
985 1266 1091 1307 assero
1111 1245 1249 1330 turpiter
1263 1244 1297 1310 in

345 1359 413 1411 arte
442 1368 501 1410 sua
528 1347 660 1422 versari,
689 1343 748 1408 etsi
783 1343 1006 1409 indubitanter
1036 1356 1131 1430 turpe
1160 1345 1201 1409 sit
1230 1368 1298 1411 esse

346 1448 542 1512 histrionem.
586 1449 631 1511 Et
656 1444 786 1533 quidem
810 1443 981 1509 histriones
1004 1459 1105 1525 erant,
1128 1446 1182 1532 qui
1204 1461 1299 1532 gestu

347 1548 487 1634 corporis
515 1560 646 1632 arteque
679 1545 860 1620 verborum,
891 1557 924 1609 et
956 1545 1174 1611 modulatione
1202 1550 1300 1627 vocis,

347 1650 450 1715 factas
463 1660 519 1712 aut
536 1648 625 1713 fictas
638 1646 796 1724 historias,
811 1647 873 1709 sub
893 1660 1024 1731 aspectu
1039 1647 1169 1732 publico
1184 1649 1299 1712 refere-

348 1751 436 1830 bant,
450 1772 532 1836 quos
553 1747 637 1835 apud
655 1747 808 1812 Plautum
830 1747 954 1811 invenis
969 1761 1000 1812 et
1024 1749 1252 1825 Menandrum,
1267 1762 1300 1815 et

349 1852 466 1935 quibus
481 1873 531 1914 ars
549 1850 648 1914 nostri
665 1851 810 1913 Terentii
830 1848 1006 1913 innotescit.
1053 1852 1154 1914 Porro
1173 1849 1303 1916 comicis

349 1965 379 2016 et
391 1951 519 2037 tragicis
527 1950 731 2027 abeuntibus,
739 1972 839 2036 quum
850 1950 956 2013 omnia
965 1948 1079 2015 levitas
1088 1951 1304 2038 occupaverit,

348 2051 476 2117 clientes
490 2074 611 2130 eorum,
627 2050 762 2115 comoedi
776 2049 924 2115 videlicet
939 2064 971 2115 et
988 2051 1135 2134 tragoedi,
1149 2053 1303 2116 extermi-

348 2156 414 2219 nati
440 2166 525 2218 sunt.
571 2152 634 2217 Sed
661 2176 715 2217 eos
744 2153 776 2215 in
804 2151 909 2215 servili
935 2151 1116 2215 conditione
1143 2154 1300 2217 duntaxat

349 2254 541 2341 plerumque
554 2252 700 2339 reperies.
739 2252 818 2330 Quis
832 2275 908 2317 vero
929 2274 1039 2318 eorum
1057 2275 1134 2319 usus
1148 2253 1303 2330 extiterit,

352 2354 477 2441 poetica
492 2353 608 2419 docens
623 2352 745 2439 aperit:

455 2496 512 2549 Aut
523 2496 645 2567 prodesse
657 2494 754 2560 volunt,
766 2500 812 2547 aut
823 2494 954 2548 delectare
965 2501 1059 2567 poeta),
1150 2546 1151 2549 ,
1163 2475 1168 2482 ’

454 2582 511 2636 Aut
519 2583 634 2653 jucunda
644 2581 722 2634 simul
734 2587 761 2633 et
775 2582 869 2633 idonea
880 2582 966 2633 dicere
977 2582 1046 2633 ritae.

352 2712 394 2773 At
408 2720 516 2771 nostra
530 2718 608 2771 aetas
622 2704 773 2793 prolapsa
787 2706 828 2769 ad
849 2705 988 2783 fabulas,
1005 2719 1036 2770 et
1054 2706 1175 2791 quaevis
1188 2709 1307 2793 inania,

354 2831 417 2872 non
436 2808 531 2871 modo
552 2830 646 2872 aures
668 2819 700 2871 et
722 2830 775 2870 cor
796 2809 963 2893 prostituit
985 2808 1131 2888 sanitati,
1153 2809 1208 2872 sed
1231 2833 1307 2873 ocu-

355 2909 458 2973 lorum
481 2921 512 2973 et
533 2907 660 2972 aurium
683 2907 860 2994 voluptate,
884 2932 973 2975 suam
1001 2910 1118 2973 mulcet
1141 2909 1306 2987 desidiam,

355 3009 514 3075 luxuriam
538 3010 693 3087 accendit,
715 3011 907 3096 conquirens
931 3011 1074 3097 undique
1096 3011 1237 3077 fomenta
1262 3012 1308 3076 vi-

357 3110 485 3175 tiorum.
530 3110 643 3173 Nonne
667 3109 760 3196 piger
785 3108 938 3174 desidiam
960 3111 1102 3188 instruit,
1128 3125 1160 3177 et
1183 3134 1311 3177 somnos

356 3222 507 3297 provocat
529 3209 811 3295 instrumentorum
834 3211 1002 3287 suavitate,
1025 3224 1082 3277 aut
1105 3234 1218 3276 vocum
1241 3235 1308 3277 mo-

358 3311 452 3390 dulis,
475 3311 636 3377 hilaritate
662 3316 856 3390 canentium,
878 3326 936 3378 aut
957 3313 1171 3404 fabulantium
1193 3316 1308 3401 gratia,

359 3416 423 3476 sive
437 3412 526 3501 quod
546 3411 674 3500 turpius
689 3425 748 3487 est,
764 3412 917 3478 ebrietate
941 3415 991 3478 vel
1011 3416 1165 3501 crapula?
1195 3419 1311 3481 Artem

361 3510 473 3598 utique
488 3512 712 3600 elegantiorem
729 3512 838 3577 docuit
854 3516 1001 3594 Flaccus,

778 3643 833 3695 'l'er
845 3647 918 3697 uncti

464 3729 631 3782 Transnanto
642 3728 765 3792 Tiberim,
777 3744 867 3782 somno
881 3731 979 3800 quibus
992 3736 1033 3784 est
1044 3751 1107 3807 opus
1119 3734 1181 3786 alto.

360 3858 415 3923 Ait
429 3879 559 3942 quoque
574 3856 794 3930 concionator;
819 3857 935 3924 Dulcis
949 3870 997 3923 est
1012 3881 1143 3923 somnus
1158 3860 1315 3945 operanti,

361 3960 426 4024 sive
440 3982 567 4046 parum,
579 3958 645 4023 sive
660 3958 800 4024 multum
811 3960 969 4026 comedat.
1000 3961 1200 4025 Exercitatio
1215 3961 1315 4046 siqui·

361 4060 432 4124 dem
453 4059 586 4146 paritet
607 4059 664 4124 alit
680 4059 797 4145 quietis
818 4064 966 4145 gratiam,
981 4084 1056 4146 quae
1077 4062 1135 4128 otii
1150 4062 1314 4127 continua·

363 4161 459 4242 tione,
487 4173 520 4225 et
549 4160 689 4247 quodam
720 4160 842 4225 inertiae
873 4184 939 4227 suae
969 4184 1108 4229 marcore
1137 4163 1316 4249 perimitur.

365 4261 530 4347 Utiquein
541 4261 759 4327 desideriisest
770 4262 871 4327 omnis
881 4262 1012 4339 otiosus,
1023 4284 1123 4348 quum
1134 4276 1165 4327 et
1175 4262 1320 4328 otiositas
