3384 5234
329 704 398 749 car.
416 688 500 763 xva]
682 705 937 751 Pom'onarrcus.
1245 693 1286 752 89

331 857 412 932 Quae
434 856 563 943 quidem
586 858 693 921 omnia
714 855 907 921 contrarium
929 854 1052 919 faciunt
1075 854 1282 933 intellectum,

330 979 432 1043 quum
466 957 563 1022 Urias
593 957 760 1032 Diabolus,
786 956 893 1021 David
924 956 1083 1035 Christus,
1106 956 1284 1021 Bethsabee

330 1073 530 1143 peccatorum
559 1060 629 1123 labe
655 1058 817 1137 deformis,
842 1058 975 1123 ecclesia
1000 1057 1169 1142 figuretur.
1207 1059 1283 1122 Fre·
1319 1070 1330 1091 ⁰

329 1183 428 1245 quens
443 1174 548 1225 tamen
563 1175 596 1225 et
615 1161 707 1247 quasi
723 1159 868 1243 regulare
887 1160 943 1244 jus
964 1171 1021 1237 est,
1038 1171 1074 1222 ut
1093 1180 1112 1221 a
1128 1158 1284 1224 similibus

330 1262 369 1327 ad
393 1263 507 1327 similia
522 1276 666 1328 recurrat
688 1260 919 1347 interpretatio.
956 1261 1075 1323 Verum
1091 1260 1172 1324 hano
1190 1260 1283 1325 visio-

328 1385 415 1443 num,
429 1386 510 1449 quas
526 1366 615 1450 quies
634 1364 769 1437 inducit,
785 1362 970 1426 divisionem
987 1384 1043 1447 per
1058 1362 1204 1447 opposita
1219 1383 1282 1426 non

332 1464 400 1527 fieri
407 1479 527 1530 certum
535 1480 598 1540 est;
616 1488 716 1551 quum
727 1463 835 1528 eadem
843 1483 903 1549 pro
912 1476 1003 1548 parte
1014 1461 1285 1543 sitvisio,aliunde

330 1566 507 1645 oraculum,
532 1579 562 1630 et
589 1579 720 1653 propter
745 1587 851 1629 rerum
882 1564 1001 1649 figuras
1029 1565 1129 1650 possit
1155 1565 1284 1631 somniis

329 1671 508 1755 aggregari,
521 1683 553 1733 et
569 1670 730 1734 universas
746 1692 855 1735 eorum
871 1668 990 1755 species
1002 1668 1196 1755 quandoque
1211 1693 1283 1734 con-

331 1771 452 1856 tingat:
487 1772 574 1857 quod
597 1784 628 1836 et
651 1771 802 1835 studiosis
824 1771 1055 1856 scripturarum
1079 1769 1208 1857 planum
1224 1787 1282 1838 est.

332 1873 419 1936 Visio
435 1874 586 1950 Africani,
601 1873 810 1958 Apocalypsis
825 1875 981 1956 Apostoli,
998 1872 1139 1937 Danielis
1153 1886 1184 1938 et
1202 1877 1283 1940 Eze-

331 1974 439 2038 chielis
461 1980 607 2049 oracula3
635 1976 755 2039 somnia
775 1974 950 2038 Pharaonis
967 1986 998 2037 et
1021 1976 1156 2060 Joseph,
1171 1999 1282 2042 eorum

331 2100 403 2162 quae
418 2076 504 2140 dicta
519 2090 593 2140 sunt
616 2077 739 2139 faciunt
755 2074 861 2139 fidem.
899 2075 1045 2139 Personis
1065 2099 1195 2162 quoque
1211 2079 1282 2164 qui-

329 2176 462 2241 busdam
487 2178 605 2240 veritas
634 2174 834 2261 frequentius
862 2173 1027 2251 illucescit,
1058 2189 1171 2263 utpote
1199 2200 1283 2242 com-

328 2282 467 2364 positum
490 2278 683 2342 habentibus
703 2278 857 2355 animum,
878 2277 957 2341 alias
977 2278 1173 2364 frequentior
1194 2304 1282 2345 error

329 2380 473 2445 involvit.
509 2383 683 2464 Augustus
700 2382 808 2445 Caesar
822 2403 923 2465 quum
940 2379 1092 2444 adversus
1107 2384 1280 2450 Antonium

328 2479 535 2547 dimicaturus
547 2499 639 2558 esset,
652 2482 844 2567 aegritudine
853 2482 943 2565 gravi
959 2482 1117 2560 laborans,
1129 2483 1161 2547 in
1173 2486 1281 2570 quiete

328 2584 513 2648 mandatum
536 2584 669 2671 accepit,
693 2597 728 2648 ut
751 2584 791 2648 ad
814 2585 977 2649 victoriam
1001 2588 1206 2668 consequenti
1229 2589 1281 2653 die

328 2685 438 2771 praelio
457 2687 631 2752 interesset.
677 2686 790 2752 Paruit
809 2687 921 2773 itaque
943 2686 1054 2749 lectica
1075 2686 1227 2752 devectus
1248 2690 1280 2753 in

327 2788 489 2873 proelium,
505 2802 536 2853 et
553 2791 636 2855 vicit.
684 2792 828 2854 Socrates
843 2790 905 2855 sibi
924 2814 964 2853 ex
979 2812 1034 2853 ara
1049 2784 1192 2867 Veneris,
1209 2816 1281 2879 quae

329 2889 508 2955 Academiae
519 2906 598 2973 erat,
606 2892 687 2958 vidit
699 2892 805 2957 offerri
815 2915 955 2978 cygnum
967 2891 1081 2956 collum
1092 2894 1281 2958 inserentem

327 2993 418 3068 coelo,
435 3006 538 3057 rostro
556 3008 737 3081 tangentem
759 2995 873 3071 sidera,
889 2997 1048 3079 regionem
1070 3017 1145 3080 quae
1159 2996 1281 3080 Aplane

327 3093 453 3175 dicitur,
469 3108 698 3180 penetrantem,
716 3108 748 3160 et
768 3093 1039 3159 transcendentem
1056 3109 1203 3181 aspectus
1213 3119 1281 3160 om-

327 3194 427 3276 nium,
447 3212 479 3261 et
502 3210 591 3261 tanta
614 3198 700 3260 vocis
723 3198 895 3260 sonoritate
917 3205 949 3259 et
971 3195 1082 3260 laetitia
1104 3209 1280 3275 canentem,

329 3311 365 3361 ut
382 3310 485 3361 totum
501 3298 654 3363 mulceret
669 3301 789 3364 orbem,
829 3298 981 3385 Sequenti
997 3299 1050 3362 die
1065 3298 1225 3364 Aristides
1239 3302 1281 3365 ab

328 3400 498 3464 Academia
517 3402 687 3487 parvulum
708 3402 810 3465 filium
828 3403 991 3466 Platonem
1009 3402 1132 3468 Socrati
1149 3403 1280 3480 obtulit,

327 3500 443 3565 litteris
467 3515 498 3567 et
527 3504 669 3569 moribus
694 3504 913 3568 imbuendum.
960 3509 1033 3579 Quo
1062 3502 1142 3585 viso,
1166 3506 1281 3570 mentis

328 3602 449 3667 viribus
474 3628 512 3668 ex
535 3606 677 3691 corporis
703 3607 910 3692 dispositione
938 3606 1111 3692 conceptis,
1135 3608 1200 3672 Hic
1222 3623 1281 3688 est,

325 3705 442 3790 inquit,
452 3707 956 3794 cygnuS,quemnostroApollini
966 3712 1075 3773 Venus
1085 3708 1282 3774 Academica

326 3810 530 3874 consecravit.
575 3810 668 3874 Plato
693 3810 884 3890 litterarum,
911 3833 991 3895 quas
1020 3811 1281 3896 persequebatur,

325 3932 421 3973 eausa
436 3911 636 3996 proficiscens
651 3912 682 3976 in
699 3916 893 3998 AEgyptum,
905 3935 939 3975 se
954 3935 974 3975 a
988 3912 1100 3995 piratis
1111 3913 1181 3998 capi
1196 3913 1281 3977 inter

324 4011 465 4075 eundum
496 4027 527 4079 et
559 4014 735 4079 venundari
767 4015 859 4078 vidit.
912 4014 1009 4088 Quod
1038 4027 1070 4078 et
1100 4013 1178 4079 dum
1208 4015 1280 4091 iret,

325 4115 468 4199 contigit.

1416 3724 1437 3767 ⁴
