3384 5234
365 671 428 730 826
628 683 773 729 sclusas
789 682 1068 727 sraasasarsusrs
1187 667 1273 743 [nm.
1290 685 1322 729 v.

367 836 511 922 prodeat,
524 836 644 900 deferat
658 838 790 915 crimen,
801 835 941 898 delatum
952 840 1119 919 approbet,
1131 859 1229 924 quum
1245 857 1320 919 pro-

367 937 498 1014 baverit,
513 949 544 1000 et
558 938 723 1001 victoriam
740 946 953 1021 reportaturus
964 951 997 1002 et
1006 941 1150 1021 gloriam.
1183 940 1319 1005 Utinam

367 1041 437 1103 haec
454 1041 504 1102 rel
518 1039 688 1103 audiantur
703 1061 723 1102 a
743 1040 871 1111 nostris,
886 1060 960 1101 nam
980 1050 1016 1104 ut
1030 1053 1193 1105 serventur
1207 1052 1320 1125 optare

368 1142 424 1204 vix
447 1140 560 1205 audeo.
605 1142 695 1213 Quos
714 1141 863 1225 quotiens
884 1141 1069 1222 diligentius
1087 1144 1224 1222 intueor,
1242 1156 1321 1207 ¹cou-

368 1262 515 1306 cussores
530 1240 608 1303 mihi
623 1242 732 1324 potius
749 1240 859 1304 videor
878 1239 997 1317 videre,
1013 1264 1110 1325 quam
1124 1243 1265 1327 judiceS,
1280 1264 1320 1307 ac

369 1344 398 1407 si
421 1341 462 1404 ad
485 1343 548 1405 hoo
572 1343 674 1404 solum
701 1340 768 1403 dati
794 1341 867 1416 sint,
889 1350 924 1403 ut
948 1340 1146 1423 provinciam
1169 1343 1318 1427 spolient.

370 1443 483 1509 Sedet
504 1445 592 1525 leges
611 1444 691 1528 ipsae
711 1452 743 1506 et
758 1441 1020 1520 consuetudines,
1035 1445 1152 1527 quibus
1171 1465 1258 1507 nuuc
1274 1445 1320 1508 vi-

370 1548 462 1624 vitur,
483 1546 609 1609 insidiae
635 1555 721 1621 sunt,
743 1558 776 1608 et
797 1544 904 1628 laquei
926 1546 1197 1611 calumniantium.
1241 1548 1322 1611 Ver·

371 1651 485 1712 borum
505 1647 678 1710 tendiculae
701 1658 932 1728 proponuntur,
949 1657 982 1710 et
1002 1648 1234 1731 aucupationes
1255 1650 1320 1733 syl-

370 1751 530 1823 labarum3
552 1771 599 1812 vae
611 1748 749 1832 simplici
761 1748 816 1831 qui
826 1747 1015 1831 syllabizare
1025 1748 1207 1813 nonnovit!
1232 1750 1322 1827 Feci,

371 1851 486 1935 iuquit,
504 1848 663 1933 judicium
685 1860 719 1913 et
732 1849 902 1934 justitiam,
915 1870 981 1911 non
1002 1849 1108 1913 tradas
1129 1872 1182 1913 me
1200 1852 1322 1915 calum·

371 1954 534 2017 aientibus
548 1973 610 2014 me.
648 1953 694 2014 Ac
711 1952 739 2014 si
751 1964 860 2033 aperte
873 1950 980 2015 dicat:
1003 1952 1066 2023 Qui
1076 1951 1239 2034 judicium
1249 1975 1322 2037 per·

371 2062 508 2129 vertunt,
522 2062 554 2114 et
563 2053 721 2135 justitiam
737 2052 899 2129 deserunt,
914 2051 1077 2114 tradantur
1091 2053 1324 2132 calumniatori,

371 2155 428 2239 qui
443 2153 527 2215 filios
544 2151 647 2214 Adam
661 2164 735 2215 aute
752 2164 962 2233 conspectam
976 2153 1109 2216 Domini
1126 2163 1257 2218 accusat
1271 2154 1324 2217 die

372 2277 410 2320 ac
425 2264 530 2316 nocte.
576 2252 705 2333 Legitur
718 2253 752 2313 in
768 2253 851 2315 libro
866 2254 1002 2334 Regum,
1017 2253 1059 2317 ad
1074 2255 1257 2319 universum
1273 2258 1322 2320 Is·

371 2358 436 2421 rael
451 2353 573 2417 dixisse
588 2353 786 2417 Samuelem:
821 2355 913 2418 Ecce
935 2355 1043 2418 audivi
1058 2378 1171 2420 vocem
1186 2370 1323 2422 vestram

367 2458 465 2544 juxta
474 2455 582 2519 omnia
593 2477 664 2538 quae
675 2456 800 2539 loquuti
810 2455 887 2520 estis
898 2458 939 2520 ad
948 2478 1011 2535 me,
1021 2470 1054 2522 et
1064 2460 1217 2524 constitui
1228 2481 1326 2543 super

373 2581 430 2624 vos
445 2580 560 2640 regem.
599 2560 644 2621 Et
655 2579 742 2621 nunc
755 2580 811 2622 rex
825 2559 968 2641 graditur
978 2569 1051 2623 ante
1062 2581 1131 2638 vos,
1140 2582 1202 2641 ego
1216 2571 1325 2627 autem

374 2662 467 2727 senui
496 2673 528 2724 et
552 2661 693 2724 incanui.
740 2661 837 2725 Porro
866 2662 925 2724 filii
951 2662 1013 2725 mei
1042 2663 1208 2727 vobiscum
1238 2676 1322 2729 sunt.

373 2769 488 2848 ltaque
504 2773 708 2827 conversatus
723 2784 794 2826 sum
811 2784 918 2827 coram
934 2765 1034 2841 vobis,
1049 2766 1090 2828 ab
1105 2765 1326 2831 adolescentia

374 2886 455 2939 mea,
473 2883 573 2945 usque
587 2861 628 2925 ad
645 2862 730 2925 diem
749 2863 842 2926 hanc.
887 2864 979 2927 Ecce
998 2875 1116 2946 praesto
1132 2888 1212 2930 sum.
1258 2865 1324 2930 Lo·

374 2965 508 3051 quimini
525 2963 564 3026 de
581 2985 631 3027 me
646 2984 753 3027 coram
765 2964 918 3037 Domino,
931 2975 963 3027 et
978 2986 1084 3029 coram
1100 2968 1229 3032 Christo
1243 2968 1325 3052 ejus,

373 3078 480 3131 utrum
510 3067 625 3128 bovem
655 3065 844 3150 cujusquam
880 3066 1017 3145 tulerim,
1046 3081 1101 3131 aut
1129 3069 1266 3143 asinum,
1296 3070 1326 3133 si

375 3163 557 3248 quempiam
581 3164 791 3227 calumniatus
813 3184 896 3238 sum,
912 3162 939 3225 si
961 3165 1106 3247 oppressi
1127 3164 1277 3248 aliquem,
1297 3166 1327 3230 si

376 3265 417 3328 de
440 3286 538 3327 manu
564 3264 752 3347 cujusquam
774 3285 892 3327 munus
916 3265 1039 3346 accepi,
1061 3276 1094 3329 et
1121 3277 1326 3331 contemnam

374 3365 455 3429 illud
470 3364 577 3442 hodie,
588 3364 816 3449 restituamque
826 3365 927 3428 vobis.
964 3366 992 3427 Ο
1008 3366 1161 3448 pudicum
1173 3368 1327 3447 animum,

375 3467 635 3532 ocontinentem
663 3486 802 3543 manum,
826 3486 846 3527 ο
868 3465 1013 3549 judicem
1040 3468 1272 3554 incorruptum,
1293 3480 1327 3534 et

375 3591 488 3635 vocem
511 3567 726 3651 magnificam,
747 3568 981 3647 admirandam,
996 3581 1028 3633 et
1047 3571 1234 3636 imitandam
1255 3573 1326 3636 uni·

375 3671 483 3748 versis,
499 3691 573 3753 quae
591 3669 631 3732 de
647 3670 844 3733 conscientia
859 3691 939 3753 pura
954 3671 999 3734 sic
1014 3667 1174 3755 loquitur!
1206 3675 1327 3758 Loqui·

375 3771 454 3836 mini
470 3769 510 3831 de
519 3790 570 3830 me
584 3789 690 3831 coram
705 3770 845 3832 Domino
858 3781 890 3832 et
899 3771 1026 3833 Christo
1037 3771 1116 3853 ejus,
1128 3774 1182 3853 qui
1194 3774 1227 3833 in
1242 3774 1327 3835 coelo

376 3884 409 3938 et
437 3881 519 3934 terra
543 3866 672 3949 judices
697 3867 855 3950 judicant.
903 3869 1100 3951 Loquimini,
1128 3871 1271 3954 inquam,
1298 3875 1328 3937 si

375 3977 491 4039 bovem
506 3966 694 4052 cujusquam
710 3977 765 4031 aut
778 3966 903 4029 asinum
917 3968 1051 4031 tulerim.
1096 3971 1217 4055 Utique
1236 3974 1328 4039 villas

376 4086 408 4142 et
422 4070 554 4157 pradia,
569 4081 624 4136 aut
639 4069 795 4132 immensa
815 4068 959 4151 pondera
974 4070 1040 4134 auri
1055 4074 1106 4136 vel
1122 4075 1255 4157 argenti,
1270 4087 1327 4140 aut

376 4176 524 4266 pretiosae
540 4170 751 4258 supellectilis
766 4193 864 4235 onera
878 4194 943 4237 non
955 4184 1138 4252 extorserat,
1148 4176 1205 4260 qui
1219 4179 1327 4261 magni

376 4279 543 4367 reputabat
560 4276 703 4362 judicem
726 4278 841 4341 bovem
862 4277 1004 4341 oblatum
1019 4279 1185 4361 accepisse
1201 4283 1250 4346 vel
1265 4281 1326 4346 asi·
