3384 5234
449 675 509 733 294
689 684 827 729 Joaums
843 681 1122 728 sraussanmrrms
1272 670 1354 744 [tra.
1371 688 1402 731 v.

450 849 483 902 et
497 835 604 921 opinio
614 832 765 900 bonitatis
779 833 849 918 ejus
863 831 896 896 in
912 843 1036 896 tanturn
1050 833 1227 918 praevaluit,
1241 847 1277 899 ut
1291 835 1402 901 amicis

450 937 653 1005 laudantibus
681 936 732 1001 vel
761 934 996 1001 assentantibus
1026 936 1223 1002 occasionem
1254 938 1402 1022 magnifi-

450 1040 622 1107 centissimi
637 1050 767 1126 praestet
786 1037 935 1123 exempli.
982 1038 1084 1102 Recte
1103 1039 1252 1104 laudatur
1266 1040 1299 1103 in
1314 1039 1403 1105 Julio

449 1144 548 1209 animi
560 1142 747 1227 magnitudo
758 1141 878 1218 invicti,
888 1153 922 1207 et
932 1141 1071 1206 efficacia
1080 1142 1195 1228 operis,
1203 1164 1303 1229 quum
1315 1143 1402 1209 illius

450 1269 551 1323 mens,
570 1257 605 1312 et
624 1268 736 1310 manus
755 1245 795 1309 ad
816 1245 882 1309 fere
901 1245 1108 1331 impossibilia
1130 1245 1190 1311 sibi
1207 1246 1399 1313 suffecerint.

450 1351 599 1425 Quantus
620 1348 653 1412 in
678 1357 800 1412 armata
826 1346 941 1411 militia
963 1346 1069 1424 tuerit,
1094 1370 1156 1412 uon
1182 1350 1278 1415 modo
1302 1350 1401 1429 Galli,
1429 1355 1442 1374 ⁴

451 1452 662 1538 Britonesque
684 1450 823 1536 primum
846 1449 888 1514 ab
910 1472 949 1514 eo
971 1450 1105 1529 subacti,
1129 1451 1184 1516 scd
1211 1464 1278 1517 tota
1300 1452 1401 1518 civilis

449 1553 524 1619 belli
548 1555 684 1631 fortuna,
708 1566 741 1617 et
764 1553 922 1618 Caesareae
943 1552 1058 1617 domus
1080 1552 1177 1619 series
1200 1566 1401 1639 protestatur.

451 1656 490 1720 In
505 1654 693 1721 litteratorio
711 1653 816 1719 studio
836 1664 944 1718 tantus
969 1666 1047 1730 erat,
1065 1665 1101 1719 ut
1120 1666 1290 1741 quaternas
1304 1656 1399 1721 simul

449 1758 583 1825 dictaret
598 1758 755 1845 epistolas.
802 1758 884 1832 Quis
904 1758 937 1820 in
953 1757 1036 1842 juris
1053 1758 1153 1823 civilis
1167 1758 1281 1843 peritia
1295 1759 1401 1840 fuerit,

448 1873 570 1925 veteres
588 1860 807 1923 Romanorum
821 1857 964 1923 indicant
979 1858 1076 1943 leges.
1122 1860 1267 1927 Patentis
1280 1860 1401 1947 ingenii

447 1962 530 2027 vires
545 1984 642 2047 quarn
652 1960 776 2047 jugiter
790 1961 822 2025 in
838 1960 1037 2047 philosophia
1051 1962 1240 2041 exercuerit,
1249 1964 1402 2048 praedicat

449 2075 482 2127 et
505 2063 628 2127 extollit
650 2063 701 2128 vel
723 2063 789 2127 sola
812 2062 954 2127 inventio
982 2063 1127 2131 Bissexti.
1174 2064 1270 2140 Quod
1293 2079 1401 2132 autem

448 2164 597 2229 omnibus
618 2164 794 2229 mirabilius
817 2178 876 2244 est,
899 2165 1071 2242 amoribus,
1093 2177 1127 2230 et
1148 2167 1283 2251 negotiis
1304 2167 1399 2233 simul

448 2288 578 2352 operam
606 2265 713 2343 dabat,
745 2279 778 2330 et
806 2266 839 2329 in
870 2266 1012 2350 singulis,
1042 2290 1116 2353 quae
1145 2268 1400 2354 aggrediebatur,

447 2379 555 2433 tantus
569 2379 647 2445 erat,
664 2380 700 2432 ut
715 2366 759 2432 eis
774 2366 847 2431 solis
862 2390 974 2432 vacere
997 2369 1191 2451 crederetur,
1206 2370 1300 2436 simul
1315 2383 1400 2436 totus

447 2482 516 2536 erat
537 2470 744 2555 singulorum,
760 2483 793 2535 et
815 2470 968 2535 omnium.
1017 2471 1144 2537 Laudes
1164 2495 1239 2538 vero
1261 2475 1400 2559 Augusti

449 2584 533 2639 totus
557 2574 641 2639 orbis
663 2572 882 2650 concelebrat,
902 2584 935 2637 et
960 2573 1072 2637 Titum
1098 2597 1241 2640 amorem
1267 2576 1398 2641 humani

447 2676 669 2761 generis,.suas
684 2674 805 2741 scilicet
824 2674 960 2752 delitias,
972 2676 1117 2761 jucunda
1137 2676 1291 2742 memoria
1304 2699 1401 2744 vene·

447 2790 542 2845 ratur.
594 2779 664 2862 Ego
692 2778 741 2842 his
770 2777 919 2842 omnibus
949 2778 1124 2863 Trajanum
1154 2780 1304 2864 praelerre
1333 2803 1398 2845 non

447 2882 569 2959 dubito,
593 2881 703 2969 quiin
728 2880 823 2946 solius
846 2879 970 2945 virtutis
999 2881 1099 2959 cultu,
1124 2883 1213 2967 regni
1237 2882 1400 2948 constituit

446 2985 657 3070 majestatem.
702 2982 855 3049 Ethicum
871 2983 965 3067 juxta
979 2984 1034 3070 qui
1051 2996 1137 3049 recte
1153 2986 1273 3063 fecerit,
1289 3007 1399 3071 regem

447 3087 625 3152 arbitratur.
651 3085 733 3150 Tale
749 3095 797 3149 est
811 3084 891 3148 illud
907 3086 993 3171 quod
1009 3087 1068 3151 sub
1085 3087 1214 3152 nomine
1225 3087 1401 3152 Theodosii

446 3189 591 3276 praecipit
607 3187 821 3254 Claudianus:

551 3363 595 3417 Tu
605 3364 668 3416 licet
679 3367 809 3415 extremos
819 3362 874 3416 late
886 3363 1016 3418 dominere
1028 3383 1073 3437 per
1086 3365 1175 3431 Indos,

550 3450 592 3503 Te
604 3449 710 3514 Medus,
722 3452 749 3501 te
761 3447 845 3501 mollis
857 3444 953 3515 Arabs,
964 3455 990 3502 te
1003 3450 1080 3503 Seres
1091 3451 1208 3517 adorent,

551 3536 580 3589 Si
591 3535 696 3598 metuis,
709 3535 732 3586 si
743 3550 822 3605 prava
833 3534 914 3608 cupis,
926 3536 949 3588 si
962 3535 1063 3589 duceris
1074 3537 1122 3601 ira,

552 3622 656 3674 Servitii
667 3620 765 3691 patiere
774 3620 877 3691 jugum,
890 3621 1012 3674 tolerabis
1023 3622 1125 3689 iniquas

552 3705 664 3758 Interius
675 3706 758 3772 leges,
770 3711 831 3758 tunc
843 3707 929 3758 omnia
936 3705 996 3777 jure
1008 3706 1110 3759 tenebis

551 3790 640 3851 Quum
651 3791 747 3859 poteris
758 3808 805 3845 rex
817 3808 874 3845 esse
885 3792 936 3843 tui:
955 3789 1088 3861 proclivior
1098 3807 1159 3841 usus

551 3875 584 3926 ln
595 3876 684 3946 pejora
696 3875 779 3941 datur,
791 3877 934 3943 suadetque
945 3874 1053 3926 licentia
1063 3872 1163 3937 luxum,

552 3958 735 4028 lllecebrisque
748 3962 846 4014 effrena
856 3959 941 4023 favet,
948 3963 1009 4010 tunc
1020 3959 1105 4011 vivere
1116 3964 1186 4011 caste

551 4045 687 4117 Asperius,
698 4065 776 4115 quum
788 4049 907 4116 prompta
918 4043 1025 4096 Venus:
1044 4048 1099 4095 tum
1112 4044 1200 4097 durius
1211 4046 1256 4096 irae

550 4130 708 4197 Consulitur,
719 4148 797 4199 quum
808 4146 887 4200 poena
897 4132 987 4199 patet:
1005 4129 1053 4181 sed
1063 4130 1200 4201 comprime
1211 4135 1306 4194 motus,

550 4217 577 4269 N
579 4236 608 4271 ec
620 4218 668 4271 tibi
680 4216 742 4288 quid
754 4215 840 4279 liceat,
853 4215 900 4268 sed
912 4215 974 4283 quid
986 4213 1079 4269 secisse
1091 4216 1195 4268 decebit

548 4304 681 4370 Occurrat,
694 4308 861 4373 mentemque
875 4303 963 4356 domat
975 4310 1105 4376 respectus
1117 4304 1228 4357 honesti.
