3384 5234
370 693 412 751 al
634 707 770 753 scaurus
786 706 1062 755 sannssnsrnusrs
1199 692 1282 773 [ura.
1298 712 1321 757 ι.

372 877 482 921 mensa
496 857 611 937 aliena,
626 857 859 925 multitudinem
875 861 987 939 vitant,
1001 861 1076 926 dnm
1093 864 1201 942 silvas,
1212 866 1324 941 saltus,

372 961 525 1042 lacusque
548 960 756 1039 circumeunt,
770 963 887 1045 pannis
909 963 1012 1026 induti
1030 964 1205 1043 vilioribus,
1219 966 1324 1046 fruga-

372 1062 507 1125 lioribus
519 1062 662 1125 contenti
674 1062 766 1139 cibis,
778 1062 856 1126 dum
867 1075 1031 1128 consortes
1042 1072 1074 1128 et
1083 1065 1227 1137 famulos,
1241 1086 1326 1149 quos

372 1174 511 1228 macerat
541 1163 737 1249 jejuniorum
769 1164 887 1239 inedia,
917 1179 949 1230 et
981 1175 1137 1231 tormenta
1167 1168 1324 1233 nuditatis

371 1264 527 1347 affligunt,
538 1286 683 1349 quosque
699 1262 790 1329 labor
803 1266 1032 1332 immoderatus
1043 1269 1198 1349 exhaurit,
1210 1272 1323 1354 volup·

371 1365 444 1430 tatis
470 1374 525 1429 aut
550 1366 657 1448 potius
681 1366 829 1430 vanitatis
851 1367 991 1451 imagine
1014 1372 1226 1433 consolentur.
1271 1372 1324 1435 Eo

371 1467 510 1551 denique
534 1478 678 1551 tempore
704 1468 843 1553 primum
868 1472 1068 1552 captivantur
1089 1474 1234 1547 Athena,
1257 1496 1323 1557 qno
1369 1514 1376 1529 ι

369 1568 547 1633 interdicta
558 1553 739 1632 denotionis
754 1569 895 1634 edictum
907 1581 1100 1637 censuerunt
1110 1596 1180 1638 esse
1195 1577 1321 1639 solven-

372 1668 461 1747 dum,
486 1679 518 1732 et
542 1678 641 1731 artem
670 1667 836 1752 utriusque
863 1672 1040 1734 venationis
1066 1692 1139 1736 cum
1168 1675 1321 1739 exercitio

372 1771 502 1855 publice
518 1768 760 1834 admittendam.
788 1769 904 1834 Fertur
918 1781 1007 1835 vates
1018 1774 1217 1839 Mantuanus
1228 1778 1323 1840 inter·

370 1894 500 1955 rogasse
516 1873 720 1950 Marcellum,
734 1893 832 1956 quum
849 1873 1093 1957 depopulationi
1108 1878 1212 1941 avium
1228 1881 1323 1943 vehe-

371 1976 510 2038 mentius
524 1972 768 2064 operamdaret,
783 1996 823 2039 an
839 1996 928 2038 avem
944 1977 1055 2040 mallet
1067 1978 1181 2042 instrui
1195 1980 1229 2041 in
1245 2001 1321 2064 cap-

370 2086 472 2140 turam
498 2076 615 2149 avium,
639 2096 682 2139 an
707 2096 851 2140 muscam
880 2077 1043 2142 informari
1069 2078 1102 2141 in
1128 2082 1321 2144 extermina·

368 2178 489 2241 tionem
505 2196 695 2240 muscarum.
729 2176 835 2249 Quum
851 2198 925 2241 vero
945 2178 1152 2261 quaestionem
1168 2179 1209 2244 ad
1224 2201 1322 2243 avun-

369 2281 477 2347 culum
491 2278 653 2343 retulisset
666 2280 858 2360 Angustum,
874 2280 1010 2343 consilio
1026 2279 1095 2364 ejus
1109 2283 1272 2364 praeelegit
1286 2294 1322 2348 nt

368 2383 459 2448 fieret
482 2401 604 2459 musca,
627 2401 700 2463 quae
724 2382 764 2443 ab
792 2381 932 2464 Neapoli
958 2402 1085 2445 muscas
1111 2382 1264 2465 abigeret,
1287 2396 1321 2448 et

369 2484 529 2548 civitatem
545 2503 563 2546 a
585 2492 675 2565 peste
689 2481 861 2544 insanabili
875 2482 1032 2545 liberaret.
1079 2482 1176 2567 Optio
1192 2484 1320 2567 quidem

367 2585 500 2668 impleta
521 2593 587 2658 est3
618 2580 703 2645 unde
726 2582 828 2665 liquet
850 2582 982 2664 privata
1004 2580 1159 2666 voluptati
1181 2583 1322 2668 cujusvis

370 2683 599 2770 praeferendam
615 2704 685 2747 esse
705 2685 876 2746 multorum
898 2684 1077 2750 utilitatem.
1123 2687 1162 2750 In
1185 2686 1323 2750 semiviri

369 2788 520 2852 Chironis
543 2798 632 2850 antro
660 2784 701 2867 (si
726 2785 851 2848 Graecis
874 2807 931 2868 per
956 2786 1063 2850 omnia
1088 2786 1240 2868 creditur)
1272 2796 1322 2851 est

368 2890 531 2954 institutus
557 2887 700 2950 Achilles
724 2887 800 2969 lyrae
829 2886 935 2950 modis
960 2897 992 2951 et
1021 2888 1162 2966 cithara,
1186 2899 1218 2952 et
1245 2888 1321 2953 iude

368 2990 533 3055 traductus
558 2987 600 3053 ad
628 2990 725 3053 silvas
749 2988 783 3050 in
810 3000 917 3071 strage
942 2991 1091 3070 ferarum,
1115 2993 1260 3057 caedibus
1288 3002 1321 3056 et

368 3094 450 3157 fredo
465 3093 563 3157 victui
579 3112 780 3169 assuescens,
795 3093 1009 3155 reverentiam
1023 3102 1144 3158 naturae
1159 3096 1318 3159 timorem·

367 3216 431 3280 que
455 3194 566 3257 mortis
592 3191 723 3276 abjecit.
776 3191 864 3265 Quid
894 3193 980 3276 quod
1006 3195 1159 3259 Bacchus
1183 3195 1319 3259 eundem

366 3294 479 3359 habuit
492 3292 697 3356 nutritorem?
722 3292 849 3375 Nempe
865 3293 920 3375 qui
931 3294 982 3355 his
993 3291 1108 3357 studiis
1119 3304 1174 3357 aut
1185 3294 1318 3357 desidiis

367 3396 527 3470 insistunt,
542 3391 679 3455 semiferi
694 3403 776 3464 sunt,
789 3402 822 3455 et
835 3391 964 3474 abjecta
978 3391 1101 3473 potiore
1112 3392 1318 3457 humanitatis

367 3507 468 3581 parte,
496 3493 619 3557 ratione
648 3513 770 3554 morum
799 3492 957 3575 prodigiis
985 3490 1231 3557 conformantur.
1289 3497 1318 3557 Α

366 3599 495 3663 levitate
510 3593 669 3679 siquidem
684 3593 726 3657 ad
740 3594 916 3665 lasciviam,
936 3614 956 3655 a
969 3592 1100 3656 lascivia
1116 3592 1159 3657 ad
1174 3596 1317 3678 volupta-

366 3714 442 3778 tem,
457 3711 490 3763 et
504 3718 602 3781 quum
617 3695 825 3768 induruerint,
838 3695 880 3759 ad
895 3695 1017 3776 flagitia
1031 3705 1064 3758 et
1075 3696 1195 3778 quaevis
1206 3696 1318 3761 illicita

365 3802 601 3887 pertrabuntur.
645 3797 837 3874 Queruntur
863 3796 935 3859 ocia
959 3807 1034 3878 post
1059 3797 1194 3875 labores,
1219 3798 1319 3863 fornes

365 3904 532 3968 hilaritatis
546 3900 663 3981 gratior
677 3908 736 3976 est,
748 3900 775 3960 si
790 3898 870 3961 dura
885 3896 1119 3981 precesserint,
1132 3897 1320 3962 reficiuntur

366 4003 490 4068 avidius
511 4022 585 4084 quae
600 3995 765 4063 exinanita
778 3999 896 4063 suerint
914 3998 1096 4081 plurimum.
1140 3999 1317 4063 Venatores

365 4124 477 4170 omnes
503 4100 609 4165 adhue
638 4101 870 4165 institutionem
899 4097 1047 4163 redolent
1076 4099 1315 4163 Centaurorum.

363 4208 450 4272 Raro
463 4201 624 4267 invenitur
646 4202 813 4285 quisquam
829 4222 939 4265 eorum
954 4199 1118 4263 modestus
1133 4211 1188 4263 aut
1202 4201 1315 4280 gravis,

283 4330 285 4333 ·
365 4330 434 4375 raro
449 4303 628 4378 continens,
640 4313 682 4382 et,
697 4311 732 4367 ut
746 4302 854 4379 credo,
867 4301 992 4372 sobrius
1003 4322 1176 4385 nunqnam.
1217 4303 1315 4365 Domi
