3384 5234
416 686 476 746 164
657 697 796 744 noturus
812 696 1090 742 sansssruunusrs
1214 680 1299 755 [un.
1311 696 1365 741 111.

413 861 516 914 mater
526 848 595 913 vitii
610 860 668 925 est,
679 848 756 935 quie
770 842 935 935 nunquam
950 846 1031 913 adeo
1046 846 1161 912 sterilis
1175 861 1235 923 est,
1251 857 1287 910 ut
1302 868 1367 909 non

411 950 580 1016 odibilium
594 950 732 1015 fructum
749 948 852 1035 pariat
866 948 1038 1016 infelicem.
1084 947 1195 1035 lnquit
1211 946 1365 1012 Ethicus:

415 1054 469 1117 Tu
484 1053 565 1119 adeo

831 1169 903 1222 nnllo
915 1170 990 1222 thnre
1001 1169 1099 1232 litabis,

519 1258 628 1310 Haereat
639 1258 665 1308 in
677 1255 764 1308 stultis
775 1256 862 1307 brevis
872 1260 903 1307 nt
913 1257 1055 1307 semiuncia
1066 1257 1140 1307 recti.

412 1359 546 1444 Agnitio
564 1358 695 1445 quidem
717 1356 942 1421 certitudinem
958 1356 1066 1433 habet,
1087 1367 1121 1421 et
1143 1357 1194 1421 vel
1214 1357 1246 1421 in
1261 1356 1364 1421 scien-

411 1461 468 1542 tia,
483 1458 581 1524 velin
604 1458 667 1522 fide
690 1457 843 1522 consistit.
886 1458 952 1524 Sed
975 1458 1049 1522 fidei
1073 1459 1182 1543 regula
1203 1458 1363 1545 paulisper

411 1563 585 1638 differatur,
607 1561 758 1648 quoniam
788 1583 860 1625 eam
883 1571 1021 1648 tempus,
1044 1572 1078 1625 et
1100 1561 1188 1627 locus
1210 1585 1286 1627 suus
1308 1585 1364 1626 ex·

411 1677 528 1752 pectet.
574 1666 736 1729 Caeterum
752 1662 943 1727 scientiasui
956 1663 1100 1728 notitiam
1112 1662 1220 1730 habet.
1265 1664 1361 1739 Quod

412 1770 540 1833 evenire
570 1789 634 1831 non
657 1777 770 1851 potest,
793 1764 818 1828 si
849 1787 914 1827 non
943 1765 1094 1829 metiatur
1124 1766 1205 1830 vires
1226 1789 1309 1850 suas,
1338 1768 1363 1831 si

413 1869 539 1955 ignorat
552 1869 684 1932 alienas

415 2118 492 2208 Cap.
507 2128 539 2187 2.
565 2125 652 2199 Quid
677 2126 722 2186 sit
740 2124 973 2204 contemplatio
995 2126 1146 2205 hominis,
1168 2129 1365 2208 sapientiam

453 2226 644 2309 afflctuntio,
657 2236 688 2288 et
705 2226 776 2306 quio
789 2226 972 2307 sitfinctus
985 2228 1218 2307 speculationis
1231 2229 1338 2310 nonna

456 2393 525 2460 Esr
545 2406 621 2479 ergo
641 2393 779 2480 primum
803 2392 941 2457 hominis
964 2394 1151 2481 sapientiam
1175 2398 1362 2476 affectantis,

411 2496 489 2583 quid
503 2495 571 2581 ipse
587 2495 636 2573 sit,
652 2495 730 2582 quid
744 2495 827 2562 intra
842 2518 887 2576 se,
908 2494 987 2583 quid
1009 2507 1152 2578 extrase,
1174 2500 1252 2585 qnid
1272 2500 1365 2582 inira,

410 2598 490 2687 quid
504 2620 608 2684 supra,
624 2598 702 2684 quid
718 2607 837 2674 contra,
854 2598 930 2684 quid
947 2609 1032 2681 ante,
1043 2599 1094 2664 vel
1106 2612 1215 2686 postea
1230 2602 1281 2683 sit,
1289 2625 1365 2666 con-

411 2700 569 2788 templati.
587 2702 668 2767 Inde
684 2711 732 2765 est
746 2700 827 2765 sone
839 2701 926 2787 quod
940 2701 998 2783 illi,
1007 2702 1061 2789 qui
1073 2703 1279 2788 primatotius
1294 2705 1365 2791 phi-

411 2802 563 2889 losophiae
586 2802 748 2867 elementa
767 2803 885 2888 posteri
908 2804 1048 2869 stradere
1070 2816 1271 2887 curaverunt,
1290 2808 1365 2873 sub-

410 2906 559 2971 stantiam
573 2904 772 2990 singulorum
787 2905 931 2971 arbitrati
952 2917 1026 2971 sunt
1048 2906 1247 2987 intuendam,
1265 2933 1366 2997 quan-

410 3009 546 3105 titatem,
555 3008 594 3073 ad
602 3007 733 3094 aliquid,
743 3007 942 3095 qualitatem,
950 3008 1047 3073 sitnm
1059 3033 1139 3089 esse,
1146 3011 1213 3090 ubi,
1222 3013 1362 3100 quando,

409 3113 539 3189 habere,
555 3112 710 3194 facero,et
720 3111 837 3198 pati,et
847 3111 962 3175 suasin
972 3112 1120 3178 omnibus
1130 3114 1180 3179 his
1191 3115 1364 3200 proprieta-

409 3225 469 3296 tes,
480 3238 520 3279 an
531 3214 744 3279 intensionem
754 3213 937 3307 admittant,
949 3223 982 3277 et
991 3215 1209 3301 susceptibilia
1217 3217 1280 3281 sint
1291 3239 1365 3281 con-

411 3320 590 3395 tran'or'urn,
600 3330 678 3382 etan
687 3318 721 3380 in
733 3318 778 3381 eis
786 3317 862 3403 ipsis
872 3316 991 3403 aliquid
1000 3316 1179 3384 invenietur
1187 3320 1364 3384 adversum.

414 3422 549 3486 Provide
569 3419 702 3507 ‘quidem
729 3419 798 3490 haec
821 3431 855 3484 et
876 3419 1058 3504 diligenter,
1076 3421 1135 3485 etsi
1151 3422 1184 3485 in
1208 3444 1247 3486 eo
1262 3421 1364 3507 negli-
1429 3472 1439 3487 .

410 3524 569 3608 gentiores
584 3520 758 3598 extiterint,
774 3525 860 3608 quod
877 3523 925 3586 sui
948 3522 1046 3608 ipsius
1061 3524 1204 3590 notitiam
1228 3525 1261 3589 in
1277 3537 1365 3590 tanta

409 3648 517 3691 rerum
543 3630 613 3690 luce
640 3646 702 3687 non
727 3625 863 3690 assecuti
889 3637 973 3702 sunt,
997 3638 1030 3693 et
1044 3628 1123 3694 lucis
1139 3629 1363 3693 inaccessibilis

410 3724 554 3790 nntitiarn
579 3724 796 3810 perdiderunt,
820 3726 898 3790 dum
923 3740 1122 3793 evanuerunt
1144 3729 1178 3792 in
1201 3729 1364 3813 cogitatio-

409 3828 504 3891 nibus
526 3826 599 3903 suis,
623 3840 656 3890 et
675 3825 818 3890 dicentes
840 3850 874 3891 se
896 3849 964 3891 esse
987 3829 1156 3915 sapientes,
1180 3829 1267 3894 stulti
1287 3831 1363 3896 facti

409 3941 493 4006 sunt,
510 3941 542 3993 et
556 3928 758 3992 obscuratum
781 3940 829 3992 est
852 3928 1003 4014 insipiens
1025 3953 1080 3995 cor·
1100 3953 1219 3998 eorum.
1265 3933 1362 4006 Quod

409 4056 449 4098 ex
464 4054 503 4096 eo
515 4030 721 4107 convincitur,
732 4031 817 4117 quod
828 4032 936 4096 traditi
947 4032 979 4095 in
994 4034 1153 4119 passiones
1164 4034 1360 4119 ignominiae,

408 4136 568 4201 iaciebant
583 4158 656 4222 quae
671 4157 731 4199 nec
753 4136 853 4217 sexui,
868 4158 927 4200 nec
943 4136 1042 4212 aetati,
1059 4159 1119 4201 nec
1135 4137 1270 4201 fortunae
1286 4160 1362 4203 cou-

409 4240 547 4315 veniant,
564 4261 623 4303 nec
639 4249 772 4316 naturae,
788 4251 821 4303 et
834 4261 982 4325 personas
994 4239 1137 4304 omnium
1150 4239 1254 4325 operis
1269 4241 1359 4305 testi·

408 4344 515 4410 monio
537 4343 757 4408 devenustent.
802 4340 880 4406 Dati
903 4340 1059 4427 siquidem
1081 4355 1156 4406 sunt
1178 4342 1210 4406 in
1232 4366 1358 4409 sensum
