3384 5234
438 647 479 708 48
693 662 828 707 Joruurs
844 662 1125 709 sanassenrnusrs
1265 649 1348 727 [nra.
1365 666 1387 709 1.

438 822 591 875 versatur.
637 811 789 894 Cujusvis
811 834 849 876 ea
868 836 935 878 esse
958 813 1095 894 videtur,
1109 823 1147 877 ut
1166 814 1206 877 ad
1231 817 1387 900 interpre-

433 911 584 975 tationem
601 910 677 986 veri,
694 924 836 977 mortuos
851 913 954 979 valeat
970 917 1131 979 suscitare.
1175 918 1226 978 Ea
1246 937 1384 999 namque

431 1010 665 1076 ludificantium
691 1011 884 1093 daemonum,
906 1027 938 1079 et
965 1015 1113 1080 humanae
1139 1012 1282 1100 perfidiae
1308 1012 1384 1077 illu·

429 1110 575 1175 dentium
590 1111 716 1177 fallacia
729 1125 786 1177 est.
833 1113 945 1200 Pythii
968 1129 1042 1180 sunt
1064 1138 1145 1200 quoa
1166 1115 1298 1200 spiritus
1318 1118 1384 1200 Py·

432 1212 580 1278 thonicus
591 1213 702 1298 replet,
713 1226 744 1277 et
754 1213 954 1299 frequentius
963 1216 997 1278 in
1013 1216 1191 1299 virginibus
1201 1227 1383 1294 exercetur,

433 1327 469 1380 ut
480 1314 580 1400 magis
588 1314 748 1387 ludificet;
772 1337 808 1385 ac
820 1314 845 1377 si
856 1314 1110 1380 immundissimo
1122 1315 1248 1402 spiritui
1259 1320 1383 1402 placeat

430 1415 597 1500 integritas
612 1419 726 1481 mentis
740 1428 795 1481 aut
812 1416 960 1499 corporis.
1007 1416 1161 1481 Vultivoli
1177 1430 1252 1482 sunt
1267 1417 1324 1503 qui
1339 1416 1381 1480 ad

430 1518 564 1585 affectus
585 1518 749 1583 hominum
773 1516 997 1599 immutandos
1019 1517 1050 1582 in
1078 1518 1214 1584 molliori
1236 1518 1379 1594 materia,

430 1632 502 1682 c'era
515 1618 598 1683 forte
620 1617 670 1681 vel
692 1618 778 1694 limo,
793 1639 902 1681 eorum
924 1638 1007 1703 quos
1029 1634 1211 1703 pervertere
1231 1619 1380 1683 nituntur

430 1718 551 1804 effigies
564 1719 760 1805 exprimunt,
775 1719 868 1803 cujus
890 1717 1044 1783 illusionis
1066 1720 1098 1784 in
1120 1718 1380 1787 Pharmaceutria

432 1820 587 1905 Virgilius
602 1819 756 1900 meminit,

534 1936 625 1988 Limus
635 1945 664 1988 ut
675 1936 717 1988 hic
728 1935 850 2001 durescit,
861 1937 954 1990 ethaeo
965 1942 996 1990 ut
1006 1955 1066 1991 cera
1075 1939 1204 2007 liquescit,

532 2018 593 2071 Uno
605 2019 745 2087 eodemque
756 2019 821 2087 igni,
834 2021 870 2072 sic
881 2026 970 2073 nostro
982 2021 1103 2093 Daphnis
1118 2039 1214 2074 amore.

428 2123 515 2184 Naso
530 2143 660 2206 quoque
674 2120 706 2184 in
721 2122 805 2186 libro
821 2123 1013 2199 Heroidum,

535 2237 655 2291 Devovet
666 2238 798 2303 absentes,
811 2239 1017 2309 simulachraque
1029 2258 1104 2293 cerea
1114 2240 1201 2308 fingit,

566 2325 601 2376 Et
612 2324 735 2377 miserum
745 2330 838 2378 tenues
850 2326 877 2377 in
885 2326 959 2396 jecur
969 2332 1047 2393 urget
1059 2343 1128 2379 acus.

429 2430 556 2492 Horum
573 2450 647 2492 vero
662 2427 795 2507 malitia,
806 2430 907 2502 ,etiam
928 2453 1030 2516 quum
1055 2431 1229 2517 plurimum
1251 2437 1376 2506 nocent,

425 2528 559 2595 artificio
574 2528 637 2595 levi
656 2529 853 2609 dissolvitur,
870 2531 895 2595 si
911 2531 1057 2596 videlicet
1073 2531 1129 2619 qui
1149 2532 1284 2617 suspecti
1300 2545 1375 2597 sunt

426 2632 573 2698 conventi
595 2633 636 2697 ab
658 2632 767 2719 aliquo
788 2633 905 2699 crimen
927 2657 1019 2698 suum
1042 2634 1242 2700 inficientur:
1266 2646 1323 2698 aut
1347 2635 1374 2697 si

426 2736 561 2800 confessi
575 2735 706 2811 fuerint,
722 2747 877 2820 cogantur
892 2735 1081 2800 maleficium
1097 2758 1252 2800 revocare.
1291 2736 1376 2798 Ima-

424 2835 539 2921 ginarii
561 2848 647 2914 sunt,
662 2836 718 2921 qui
732 2837 887 2922 imagines
902 2859 981 2921 quas
999 2837 1133 2913 faciunt,
1148 2837 1240 2923 quasi
1255 2836 1287 2900 in
1304 2860 1375 2923 pos-

421 2936 590 3000 sessionem
606 2934 846 3022 praesidentium
864 2935 1035 3021 spirituum
1052 2935 1198 3012 mittunt,
1214 2947 1249 2999 ut
1270 2934 1312 2998 ab
1327 2937 1372 2998 eis

420 3037 460 3101 de
475 3040 571 3103 rebus
585 3037 693 3102 dubiis
708 3036 896 3103 doceantur.
929 3041 1001 3102 Hos
1012 3037 1196 3102 idololatras
1206 3060 1272 3101 esse
1285 3059 1372 3101 sacra

420 3140 578 3227 scriptura
597 3139 767 3217 convincit,
782 3152 815 3204 et
830 3140 948 3204 divinae
964 3140 1137 3224 majestatis
1155 3136 1280 3225 judicio
1299 3160 1373 3202 con·

419 3239 592 3307 demnatos.
638 3242 841 3326 Conjectores
870 3253 943 3305 sunt
973 3242 1029 3327 qui
1055 3241 1190 3306 artificio
1220 3239 1371 3326 quodam,

419 3341 480 3406 sibi
500 3341 667 3407 vendicant
690 3341 882 3405 somniorum
906 3340 1210 3426 interpretationem.
1256 3341 1370 3405 Chiro·

421 3442 550 3508 mantici
573 3457 660 3520 sunt,
675 3443 732 3529 qui
753 3466 772 3506 a
791 3464 943 3506 mannum
959 3440 1166 3527 inspectione,
1187 3462 1294 3503 rerum
1318 3462 1371 3502 va·

421 3543 593 3608 ticinantur
622 3543 816 3608 abscondita.
872 3540 1070 3627 specularios
1099 3553 1223 3620 vocant,
1252 3538 1309 3621 qui
1338 3538 1372 3602 in

420 3645 607 3729 corporibus
629 3644 774 3728 levigatis
796 3655 828 3707 et
854 3643 958 3723 tersis,
983 3654 1020 3706 ut
1047 3654 1120 3706 sunt
1135 3640 1246 3717 ,laedi
1271 3662 1371 3715 enses,

416 3743 533 3833 pelves,
556 3745 676 3832 cyathi,
700 3744 967 3831 speculorumque
994 3744 1120 3807 diversa
1144 3764 1261 3827 genera
1285 3740 1367 3804 divi·

417 3859 539 3923 nantes,
565 3846 696 3910 curiosis
720 3844 1009 3912 consultationibus
1035 3844 1244 3921 satisfaciunt,
1268 3864 1366 3928 quam

414 3961 446 4013 et
462 3947 585 4033 Joseph
600 3951 786 4022 exercuisse,
797 3960 852 4012 aut
863 3947 971 4033 potius
986 3947 1151 4013 simulasse
1165 3944 1368 4024 describitur,

417 4071 517 4135 quum
541 4052 654 4113 fratres
675 4061 821 4133 argueret
844 4047 1034 4132 surripuisse
1056 4047 1224 4133 scyphum,
1248 4044 1278 4107 in
1302 4067 1369 4130 quo

415 4162 620 4214 consueverat
650 4148 810 4233 augurari.
856 4146 1078 4212 Mathematici
1103 4157 1187 4224 sunt,
1212 4144 1284 4209 licet
1311 4166 1368 4231 ap·

415 4250 544 4338 pellatio
567 4251 755 4337 generaliter
776 4248 881 4314 omnia
903 4248 1144 4335 complectatur,
1167 4247 1221 4332 qui
1245 4250 1367 4333 aposi-
