3384 5234
366 709 436 753 cae.
452 693 539 767 xm]
710 708 964 755 eocvcnarlcus.
1261 696 1318 755 101

366 880 497 943 quoque
511 860 721 923 communiter
736 860 832 924 solem
854 856 967 925 caloris
987 870 1149 923 auctorem
1167 881 1245 936 esse,
1260 860 1320 924 hn-

366 970 815 1045 morumqueaugmeutum,et
827 960 999 1041 defectum,
1009 961 1159 1045 quoniam
1166 960 1198 1024 id
1209 983 1319 1026 sensus

365 1060 491 1144 probat,
502 1061 603 1125 motui
616 1061 719 1125 lunari
732 1061 982 1137 accommodant,
995 1061 1071 1123 etin
1087 1062 1172 1125 hunc
1187 1061 1317 1124 modum

366 1159 514 1244 plurima.
561 1165 722 1227 Caeterum
751 1162 912 1240 mathesis,
934 1185 1009 1247 quaa
1037 1163 1221 1226 futurorum
1248 1162 1318 1247 pol·
1387 1228 1392 1238 ,

365 1264 479 1326 licetur
494 1264 664 1348 judicium,
684 1270 725 1329 ab
748 1264 909 1327 elementis
930 1264 1140 1350 philosophiae
1163 1265 1216 1345 (ut
1236 1287 1318 1351 prae-

367 1362 488 1427 dictum
511 1367 572 1446 est)
588 1368 723 1430 -trahens
747 1366 914 1450 originem,
937 1371 1023 1430 ultra
1048 1365 1263 1451 progreditur,
1285 1381 1319 1432 et

366 1463 511 1529 elationis
534 1489 598 1532 suae
620 1469 809 1548 temeritate,
832 1469 865 1531 in
888 1468 1133 1554 praerogativam
1156 1467 1224 1551 ejus
1246 1491 1319 1553 pro-

367 1566 500 1650 rumpit,
528 1568 583 1653 qui
613 1568 718 1632 stellas
747 1582 904 1644 numerat,
932 1591 1068 1653 quarum
1099 1569 1166 1654 ipse
1192 1570 1320 1635 nomina

369 1666 467 1744 solus,
486 1668 585 1752 signa,
604 1680 787 1756 potestates,
807 1693 930 1747 cursus,
950 1669 1028 1746 loca,
1050 1682 1204 1755 tempora,
1221 1674 1321 1735 novit.

370 1769 525 1844 Quoniam
548 1772 607 1834 hoc
629 1773 733 1857 ipsum
755 1772 955 1836 astronomiae
981 1793 1049 1834 suae
1075 1770 1238 1853 beneficio,
1260 1773 1321 1837 sibi

369 1872 550 1958 astrologus
568 1874 772 1960 repromittit.
816 1878 985 1959 Tantaque
1005 1873 1132 1959 longius
1150 1899 1169 1938 a
1191 1876 1321 1940 scientia

369 1974 510 2038 veritatis
525 1977 682 2057 aberrant,
699 1990 820 2061 quanto
836 1977 960 2039 adeam
977 1974 1132 2040 tumidius
1146 1980 1322 2064 irrumpere

368 2074 552 2141 moliuntur.
610 2080 781 2164 Signorum
818 2102 895 2163 ergo
930 2091 1077 2142 naturam
1112 2079 1320 2158 revolventes,

368 2191 462 2260 prout
478 2203 545 2242 eam
561 2181 645 2243 forte
665 2191 830 2258 noverant,
847 2180 924 2243 dum
946 2180 978 2242 in
998 2179 1098 2243 stellis
1118 2183 1321 2267 comparibus

368 2275 572 2356 fluctuarent,
593 2280 656 2342 alia
675 2280 786 2343 dicunt
807 2280 971 2344 masculini
990 2282 1123 2363 generis,
1140 2282 1202 2346 alia
1222 2283 1322 2347 faemi-

370 2377 446 2457 nini,
461 2394 630 2466 essentque
645 2379 778 2444 forsitan
794 2379 1007 2465 multiplicata
1022 2403 1079 2465 per
1098 2382 1247 2463 sobolem,
1262 2386 1323 2450 nisi

371 2480 447 2564 quia
466 2479 633 2544 dissociata
654 2480 730 2544 locis
750 2480 782 2542 in
803 2481 890 2544 coitu
907 2482 1074 2545 convenire
1095 2504 1156 2544 non
1178 2496 1322 2569 possunt.

369 2580 572 2645 Planetarum
596 2604 724 2668 quoque
740 2582 879 2663 consilia,
894 2583 1044 2669 quoniam
1067 2595 1098 2645 et
1118 2583 1202 2646 orbis
1217 2585 1323 2648 mode-

369 2697 489 2748 ratores
507 2709 560 2749 eos
575 2686 705 2763 habent,
723 2685 892 2769 diligenter
912 2684 1089 2769 explorant,
1108 2684 1196 2768 quod
1218 2708 1257 2747 ex
1276 2686 1322 2748 af-

370 2784 505 2849 fectione
530 2810 652 2865 eorum,
674 2801 707 2850 et
733 2799 835 2863 motu,
863 2798 895 2850 et
920 2785 1132 2871 applicatione
1159 2785 1254 2849 unius
1280 2787 1321 2850 ad

371 2893 518 2966 alterum,
549 2890 732 2975 choreisque
768 2891 932 2955 stellarum
966 2889 1058 2952 facile
1092 2901 1140 2952 est
1169 2891 1321 2954 invenire.

373 2992 530 3054 Saturnus
551 3014 637 3075 ergo,
651 2991 727 3076 quia
749 2990 886 3075 frigidus
906 3004 954 3054 est
974 3003 1005 3053 et
1024 3012 1129 3064 senex,
1147 2992 1254 3072 gravis
1273 3003 1322 3053 est

371 3106 403 3157 et
425 3096 568 3169 nocivae,
592 3107 623 3160 et
639 3095 809 3158 denatura
830 3094 996 3167 malitiam,
1013 3092 1227 3155 morositatem
1249 3113 1323 3154 con-

371 3196 469 3259 trahit
485 3198 526 3260 ab
544 3209 648 3263 aetate.
695 3198 854 3262 Omnibus
870 3195 969 3279 igitur
984 3195 1142 3270 inimicus,
1158 3194 1212 3256 vix
1226 3194 1322 3257 etiam

371 3298 436 3361 suis
451 3298 645 3363 scholasticis
666 3300 777 3384 parcit.
824 3297 974 3361 Succedit
987 3298 1015 3360 ei
1031 3296 1173 3383 Jupiter,
1185 3308 1324 3359 econtra

371 3399 532 3484 propitius
552 3413 584 3463 et
605 3400 742 3475 saluber,
759 3413 920 3485 tantaeque
936 3398 1141 3483 benignitatis
1155 3399 1188 3460 in
1202 3419 1322 3475 omnes,

373 3514 409 3564 ut
425 3523 481 3563 nec
497 3502 537 3564 de
551 3502 670 3566 malitia
685 3502 795 3588 patris,
812 3525 869 3565 nec
885 3504 995 3565 matris
1010 3500 1174 3564 ferocitate
1189 3499 1323 3585 subjecti

372 3625 566 3689 quemquam
588 3603 739 3677 offendat,
762 3602 821 3666 nisi
844 3602 929 3666 forte
951 3615 983 3665 et
1003 3602 1072 3687 ipse
1095 3602 1128 3664 in
1146 3601 1234 3665 orbis
1249 3601 1323 3665 sub·

367 3704 445 3788 jacti
461 3703 627 3789 dispendia
646 3701 850 3767 stationarius
871 3702 975 3766 factus
995 3705 1047 3777 sit,
1068 3700 1324 3783 retrogradusve,

371 3818 427 3870 aut
453 3805 651 3869 adustionem
678 3802 886 3868 miserabilem
912 3803 1063 3888 patiatur.
1110 3802 1198 3864 Mars
1221 3801 1323 3879 ferox,

371 3920 550 3994 naturaque
570 3906 755 3980 indomitae,
771 3928 880 3968 omnes
899 3918 1016 3991 praeter
1033 3902 1236 3967 scholasticos
1250 3925 1324 3965 suos

371 4010 583 4096 persequitur.
629 4007 800 4091 Mitigatur
825 4019 931 4070 tamen
961 4005 1123 4069 interdum
1149 4003 1242 4065 Jovis
1270 4026 1322 4066 ac-

370 4098 471 4189 cessu,
494 4112 545 4175 vel
568 4109 708 4186 Veneris,
732 4108 882 4194 quoniam
909 4123 941 4172 et
967 4108 1035 4192 ipsa
1056 4104 1196 4191 propitia
1218 4116 1267 4167 est
1290 4116 1322 4168 et

370 4213 518 4297 benigna.
563 4210 747 4276 Mercurius
775 4232 851 4273 vero
880 4208 952 4273 talis
983 4220 1043 4284 est,
1068 4206 1196 4291 qualem
1228 4204 1320 4267 vicini

371 4314 506 4397 planetae
521 4314 746 4401 permiserunt,
768 4332 868 4396 quum
885 4323 916 4373 et
939 4309 1006 4394 ipse
1031 4302 1245 4369 convertibilis
1271 4324 1324 4365 na-
