3384 5234
368 742 439 789 cnr.
454 722 588 801 xxv111.]
736 734 991 782 rouvcamcus.
1256 704 1316 780 153

367 891 454 956 mino
468 889 669 976 prohibente,
684 899 831 951 exercent
855 885 956 967 impii,
971 882 1049 969 quid
1072 883 1159 948 aliud
1184 883 1317 963 faciunt,

367 1014 463 1077 quam
500 989 682 1055 calcaneum
720 988 840 1071 erigere
877 985 1029 1051 adversus
1073 986 1317 1070 prohibentem?

370 1094 465 1157 Certe
480 1092 573 1155 nimis
587 1104 634 1155 est
649 1088 735 1176 quod
751 1088 903 1167 immolat,
915 1088 971 1173 qui
983 1088 1084 1174 ejecto
1094 1088 1216 1173 Spiritu
1230 1112 1319 1154 sanc·

369 1206 413 1275 to,
427 1192 615 1257 idololatriae
629 1204 764 1256 mentem
787 1189 963 1276 prostituit.
1009 1189 1150 1254 Nimium
1167 1191 1319 1276 estquod

369 1293 524 1370 immolat,
534 1295 590 1378 qui
601 1293 738 1377 pollutus
744 1313 836 1355 aures
845 1290 1074 1354 daemoniorum
1085 1290 1232 1358 sollicitat
1244 1314 1320 1357 voce

370 1392 511 1458 Domino
525 1404 715 1456 consecrata.
763 1388 906 1453 Nimium
923 1403 970 1453 est
988 1389 1072 1475 quod
1093 1389 1248 1471 immolat,
1263 1394 1319 1476 qui

372 1507 493 1559 motum
506 1495 645 1579 corporis
655 1491 872 1557 accommodat
880 1491 920 1554 ad
928 1490 1116 1555 detestabile
1122 1492 1321 1579 sacrilegium

373 1594 600 1681 peragendum.
634 1591 721 1668 Quid
734 1593 865 1657 retinuit
878 1594 1020 1669 creatori,
1031 1592 1088 1677 qui
1104 1606 1252 1670 mentem,
1265 1595 1323 1659 liu-

374 1720 484 1780 guam,
500 1718 626 1781 corpus,
649 1694 847 1758 daenronibus
869 1693 1011 1757 obtulit?
1037 1696 1089 1756 An
1112 1716 1173 1757 non
1197 1696 1322 1763 veritati

375 1798 450 1862 fecit
465 1795 625 1884 injuriam,
641 1796 698 1881 qui
720 1796 934 1880 integritatem
951 1797 1020 1881 ejus
1034 1796 1066 1858 in
1090 1809 1179 1861 tanta
1193 1820 1323 1885 corrup·

376 1899 460 1963 tione
475 1897 649 1984 quaesivit?
675 1896 771 1961 Plane
796 1919 889 1960 nemo
908 1898 941 1959 in
960 1896 1078 1962 talibus
1099 1920 1156 1983 per
1177 1900 1324 1985 ignoran-

375 2000 452 2063 tiam
483 2011 667 2064 excusatur.
711 1999 829 2062 Omnes
851 1998 988 2062 enimin
1011 2021 1178 2064 commune
1208 2002 1323 2081 sciunt,

377 2114 433 2165 aut
448 2102 527 2165 scire
549 2100 677 2178 debent,
701 2100 782 2165 banc
797 2100 1001 2186 ignominiam
1019 2101 1094 2165 fidei
1116 2103 1325 2170 anathematis

375 2202 548 2288 opprobrio
562 2202 814 2267 condemnatam.
839 2203 911 2265 Non
929 2203 1041 2287 utique
1065 2203 1115 2266 bic
1130 2220 1326 2271 sacramento

377 2304 465 2367 miles
493 2304 664 2390 excipitur,
693 2303 837 2389 pupillus
868 2316 972 2383 aetate,
1001 2305 1115 2369 mulier
1143 2307 1327 2375 infirmitate

378 2428 483 2481 sexus,
513 2405 649 2469 rusticus
683 2427 813 2468 munere
847 2405 1062 2490 agricultum,
1096 2430 1161 2492 qua
1190 2411 1328 2495 publicae

380 2505 511 2571 utilitati
532 2505 687 2590 invigilat.
734 2505 826 2568 Licet
849 2503 931 2568 enirn
954 2508 986 2568 in
1013 2505 1187 2591 dispendiis
1208 2531 1327 2588 rerum,

379 2606 585 2671 subveniatur
599 2607 644 2670 eis
659 2629 715 2691 per
733 2607 944 2691 ignorantiam
961 2606 1055 2692 juris,
1072 2608 1103 2670 in
1127 2608 1330 2675 subversione

380 2720 484 2771 tamen
514 2707 589 2770 fidei
618 2706 743 2770 nullum
772 2708 813 2771 ab
841 2707 1021 2792 ignorantia
1056 2708 1231 2774 remedium
1260 2725 1328 2777 est:

383 2808 545 2873 obtinente
559 2831 597 2870 eo
612 2807 719 2894 utqui
739 2810 865 2894 ignorat
888 2806 1062 2893 ignoretur,
1081 2825 1111 2875 et
1134 2810 1284 2896 insipiens
1299 2813 1330 2877 in

383 2908 489 2995 culpa,
504 2909 668 2974 erudiatur
682 2911 715 2974 in
731 2933 837 2997 poena,
858 2924 890 2975 et
912 2914 1069 2997 sapienter
1088 2916 1254 2999 puniatur,
1275 2916 1332 3000 qui

383 3011 485 3075 noluit
501 3010 676 3097 intelligere
698 3027 735 3077 ut
751 3013 830 3076 bene
854 3028 972 3097 ageret.
1018 3016 1099 3087 Quis
1121 3015 1203 3078 enim
1226 3018 1332 3102 potuit

382 3112 512 3190 discere,
525 3127 562 3178 ut
570 3112 635 3177 sine
647 3113 753 3178 labore
762 3137 781 3177 a
791 3126 880 3178 tanto
892 3114 1000 3178 labore
1011 3116 1240 3193 cessaret,dum
1253 3116 1333 3181 illud

383 3214 537 3278 laboriose
549 3213 725 3278 addisceret
741 3228 777 3279 ut
794 3214 948 3279 laboriose
958 3229 990 3280 et
1002 3214 1185 3302 pestilenter
1195 3223 1333 3283 erraret?

385 3317 459 3379 Non
476 3327 580 3399 potest
596 3314 628 3376 in
650 3313 714 3378 fide
736 3317 802 3378 sine
816 3315 926 3379 labore
947 3316 1118 3400 quiescere,
1141 3317 1199 3403 qui
1223 3331 1336 3403 potens

384 3428 432 3479 est
461 3415 672 3479 sollicitudine
694 3418 810 3482 mentis
831 3434 864 3483 et
893 3418 1044 3483 exercitio
1065 3422 1206 3506 corporis
1231 3444 1250 3485 a
1272 3421 1336 3485 fide

388 3516 535 3579 deviare?
549 3517 611 3590 Qui
624 3520 705 3580 enim
718 3517 768 3581 his
779 3518 1077 3604 nugisobsequitur,
1089 3519 1183 3584 fidem
1196 3524 1337 3607 negavit,

386 3631 418 3683 et
430 3616 546 3682 infideli
554 3618 692 3682 deterior
703 3632 767 3693 est;
785 3632 816 3683 et
828 3618 899 3683 licet
907 3619 1011 3684 verbis
1022 3620 1126 3684 Deum
1138 3623 1340 3706 confiteatur,

386 3720 414 3783 ei
437 3720 593 3806 perversis
622 3720 771 3807 operibus
801 3717 1002 3785 contradicit.
1048 3726 1116 3786 Nec
1138 3722 1263 3790 facilius
1290 3737 1338 3789 est

387 3822 545 3885 bominem
569 3822 754 3908 hujusmodi
776 3846 842 3886 esse
857 3821 997 3902 fidelem,
1017 3846 1110 3910 quam
1130 3826 1273 3911 judicem
1293 3826 1340 3889 in-

387 3937 586 4009 corruptum,
608 3924 665 4009 qui
692 3924 798 4009 diligit
817 3947 959 4004 munera,
980 3938 1010 3989 et
1031 3925 1177 4011 sequitur
1203 3927 1340 3991 retribu-

388 4024 501 4089 tiones.
546 4026 707 4090 Caeterum
732 4026 817 4111 quod
841 4026 1069 4110 simpliciorum
1089 4029 1210 4090 animos
1224 4041 1341 4108 movet,

389 4126 506 4190 scilicet
516 4148 573 4210 per
585 4125 767 4211 hujusmodi
780 4126 1043 4192 consultationem
1052 4128 1238 4193 abscondita
1251 4129 1342 4193 futu·

390 4245 496 4288 rorum
513 4226 707 4291 manifestari
728 4250 789 4290 non
807 4250 908 4313 posse,
928 4228 986 4291 nisi
1008 4252 1066 4313 per
1080 4251 1208 4292 manum
1224 4231 1294 4315 ejus
1308 4234 1340 4294 in

390 4326 481 4408 cujus
496 4338 651 4412 potestate
667 4341 740 4393 sunt
756 4340 900 4413 tempora
914 4339 946 4392 et
958 4341 1127 4406 momenta,
1144 4328 1263 4392 nodum
1279 4349 1341 4393 non
