3384 5234
468 677 531 738 att
735 686 872 731 sonuum
889 682 1169 729 stassauuruusrs
1281 666 1364 741 [uia.
1391 683 1435 725 ιν.

478 991 557 1073 Cap.
573 992 622 1049 12.
637 986 694 1048 Ec
704 986 818 1066 quibus
832 986 941 1047 causis
956 987 1202 1068 transferantur
1214 986 1435 1067 principatus,

878 1096 908 1147 et
926 1106 1038 1166 regno.

519 1252 679 1318 Cutssnuu
695 1257 742 1311 est
757 1244 838 1311 iilud
860 1246 1042 1331 Sapientiae,
1057 1246 1134 1332 quia
1152 1269 1285 1333 regnum
1302 1272 1321 1313 a
1337 1263 1433 1335 gente

477 1352 510 1416 io
525 1361 652 1435 gentem
664 1347 855 1413 transfertur
866 1360 997 1432 propter
1008 1347 1194 1434 injustitias,
1203 1363 1235 1415 et
1250 1352 1392 1436 injurias,
1401 1365 1434 1416 et

476 1448 692 1525 contumelias,
715 1460 748 1513 et
774 1446 916 1514 diversos
941 1448 1041 1514 dolos.
1087 1450 1201 1514 Nonne
1224 1452 1312 1515 vides
1334 1475 1431 1539 quam

478 1553 568 1619 brevi
594 1550 782 1618 subversum
813 1550 854 1616 sit
881 1549 995 1615 solium
1024 1551 1120 1637 primi
1146 1553 1230 1640 regis
1254 1555 1288 1618 in
1314 1555 1436 1640 populo

481 1655 563 1721 Dei?
595 1653 670 1719 Saul
685 1665 717 1719 et
733 1652 891 1717 Jonathas
906 1676 978 1717 cum
995 1653 1117 1719 caeteris
1132 1654 1216 1734 filiis,
1231 1655 1433 1741 exigentibus

480 1757 592 1845 culpis,
618 1756 652 1820 in
681 1755 846 1819 montibus
875 1767 1075 1829 corruerunt,
1106 1769 1143 1819 ut
1173 1757 1307 1823 thronus
1335 1758 1441 1837 illius,-

481 1859 588 1945 quide
600 1870 671 1944 post
687 1856 837 1923 foetantes
856 1856 975 1922 electus
992 1870 1051 1930 est,
1065 1856 1254 1924 firmaretur.
1286 1860 1437 1924 Omnium

481 1959 683 2024 historiarum
710 1981 860 2041 percurro
886 1958 1010 2034 seriem,
1032 1970 1065 2022 et
1089 1981 1200 2043 regum
1226 1961 1436 2024 successiones

482 2060 515 2124 in
541 2060 631 2124 brevi
652 2059 787 2133 videbis,
810 2073 842 2123 et
865 2060 958 2143 quasi
982 2060 1013 2123 in
1036 2060 1169 2125 exordio
1192 2061 1275 2143 telae,
1297 2062 1437 2127 Domino

481 2157 686 2245 praecidente‚
702 2157 848 2224 succisas.
893 2162 938 2223 Et
954 2182 1020 2245 quo
1038 2182 1130 2245 reges
1145 2160 1265 2227 fuerint
1278 2162 1437 2245 clariores,

484 2285 522 2325 eo
536 2261 640 2334 citius,
658 2258 683 2323 si
700 2260 852 2323 adversus
872 2263 977 2328 Deum
995 2260 1219 2339 intumuerint,
1233 2264 1437 2328 conculcatur

484 2384 588 2429 semen
604 2383 723 2429 eorum.
769 2364 842 2425 Non
863 2373 911 2426 est
932 2362 1096 2447 sapientia,
1112 2385 1173 2428 non
1194 2377 1242 2428 est
1256 2364 1437 2449 prudentia,

484 2487 547 2531 uon
569 2477 616 2528 est
639 2462 803 2528 consilium
827 2476 937 2529 contra
959 2464 1146 2543 Dominum,
1161 2478 1246 2530 certe
1267 2489 1324 2529 nec
1346 2467 1438 2531 sorti·

485 2566 574 2634 tudo.
620 2567 655 2633 Si
670 2565 723 2631 ille
744 2566 892 2653 insurgit,
909 2566 934 2629 si
955 2566 1170 2653 persequitur,
1184 2567 1224 2631 ad
1241 2568 1439 2632 emendicata

485 2681 751 2736 sacramentorum
768 2668 933 2753 suffragia,
949 2682 980 2732 et
1003 2668 1044 2732 ad
1061 2668 1207 2756 praesidia
1221 2670 1436 2735 munitionum

486 2772 606 2841 frustra
625 2771 816 2849 decurritur,
836 2771 994 2856 quianon
1016 2783 1074 2851 est,
1096 2772 1153 2857 qui
1174 2772 1214 2836 de
1237 2794 1331 2836 manu
1350 2772 1438 2837 illius

485 2877 585 2959 possit
599 2895 717 2938 eruere.
763 2873 843 2948 Quis
857 2870 1041 2935 Alexandro
1057 2872 1157 2956 major
1172 2871 1204 2937 in
1217 2873 1362 2937 Graecia?
1391 2878 1438 2940 Et

488 2987 593 3040 tamen
617 2996 678 3037 non
703 2995 779 3036 suus
803 2972 921 3057 legitur
945 2972 1137 3054 successisse,
1161 2975 1216 3039 sed
1239 2975 1324 3041 filius
1346 2977 1440 3042 salta-

487 3076 583 3144 tricis.
628 3078 708 3150 Quis
730 3079 887 3142 caesareoe
907 3074 1022 3141 domus
1046 3075 1157 3140 seriem
1173 3077 1294 3142 nescit?
1333 3079 1440 3144 Rarus

487 3202 608 3259 eorum,
628 3191 685 3243 aut
707 3176 817 3241 nuilus
836 3176 937 3243 filium
958 3177 1091 3264 reliquit
1107 3180 1266 3263 heredem,
1279 3193 1312 3247 et
1331 3205 1439 3247 omues

486 3281 519 3345 in
535 3279 624 3345 brevi
644 3292 716 3364 post
732 3278 819 3343 varia
838 3279 990 3365 pericula,
1010 3294 1042 3345 et
1064 3282 1167 3346 caedes
1186 3285 1248 3359 sui,
1263 3297 1294 3349 et
1310 3307 1439 3349 suorum

487 3381 642 3469 plurimas
656 3379 789 3444 diversis
804 3380 973 3460 mortibus,
983 3396 1015 3447 et
1031 3382 1097 3447 fere
1112 3384 1337 3469 ignominiosis,
1348 3387 1440 3471 quasi

488 3481 520 3545 in
542 3493 701 3545 momento
723 3479 819 3543 deleti
842 3499 928 3557 sunt,
950 3494 982 3547 et
1002 3482 1227 3549 descendentes
1248 3486 1287 3549 ad
1312 3486 1439 3562 inferos,

490 3603 684 3645 successores>
700 3580 882 3647 habuerunt
902 3596 958 3648 aut
979 3582 1086 3650 hostes
1106 3598 1163 3650 aut
1184 3585 1327 3670 ignotos:
1353 3586 1439 3663 Quid

489 3683 619 3747 obsecro
644 3696 708 3746 tam
738 3686 882 3768 potentia
908 3708 1018 3770 regna,
1041 3701 1106 3752 tam
1131 3692 1195 3753 cito
1221 3690 1377 3753 subvertit
1406 3702 1440 3754 et

490 3782 676 3848 transtulit?
714 3786 809 3847 Certe
829 3785 1006 3870 indignatio
1027 3791 1098 3864 Dei,
1114 3811 1211 3872 quam
1232 3790 1264 3853 in
1286 3813 1320 3853 se
1334 3789 1441 3855 multi·

490 3881 571 3971 plex'
587 3882 745 3969 injustitia
771 3887 975 3970 provocabat.
1029 3891 1089 3951 Est
1116 3902 1223 3953 sutem
1249 3890 1296 3967 (ut
1324 3890 1440 3956 Stoicis

489 3987 608 4073 placet)
625 3985 782 4071 injustitia
802 3989 916 4053 mentis
935 3989 1074 4070 habitus,
1089 4012 1163 4075 quae
1185 4014 1205 4055 a
1224 3992 1352 4078 regione
1373 4016 1442 4056 mo-

490 4111 560 4151 rum
581 4085 771 4152 exterminat
792 4089 986 4173 aequitatem.
1041 4090 1191 4155 Animam
1218 4115 1355 4179 namque
1378 4094 1443 4180 pri-

491 4212 564 4251 vare
575 4187 714 4273 justitia,
728 4189 777 4252 vel
793 4213 831 4252 ex
849 4192 1007 4275 privativa
1022 4194 1179 4279 particula
1189 4195 1324 4259 nominis
1338 4195 1441 4259 decla-

490 4302 589 4352 ratur.
638 4292 675 4352 In
698 4312 735 4351 eo
756 4301 861 4352 autem
885 4293 1021 4357 maxime
1039 4296 1167 4380 justitia
1187 4312 1323 4377 constat,
1338 4300 1364 4362 si
1379 4320 1442 4363 non
