3384 5234
315 714 385 760 cna.
401 698 464 772 xn]
670 708 924 757 marcanrrous.
1206 691 1271 753 255

314 864 515 929 manifestum
532 863 731 940 veneficium,
747 874 778 927 et
799 859 1005 948 parricidium
1021 856 1153 922 auderet
1166 859 1269 924 absol·

313 988 397 1045 vere,
422 965 472 1029 vel
498 964 686 1042 vindictam,
713 987 786 1050 quae
814 964 847 1027 in
878 961 1006 1048 impios,
1033 972 1065 1024 et
1096 959 1269 1046 parricidas

313 1082 518 1154 processerat,
529 1068 744 1133 condemnare.
778 1068 861 1131 Rem
877 1066 987 1149 itaque
997 1064 1039 1127 ad
1056 1065 1269 1149 Areopagitas

313 1170 568 1251 Atheniensium,
584 1184 735 1257 tanquam
757 1169 798 1233 ad
816 1167 945 1254 judices
961 1165 1124 1252 graviores
1146 1165 1265 1230 exerci-

309 1272 502 1359 tatioresque
524 1272 641 1358 rejecit.
680 1277 723 1337 At
746 1271 804 1349 illi,
820 1292 916 1334 causa
937 1269 1075 1354 cognita,
1090 1281 1211 1334 actores
1233 1281 1264 1333 et

311 1394 395 1435 ream
412 1373 575 1436 mulierem
592 1373 762 1437 centesimo
777 1393 860 1435 anno
874 1370 982 1434 adesse
992 1370 1168 1455 jusserunt.
1213 1370 1265 1432 Sic

310 1488 417 1538 autem
444 1497 547 1560 neque
571 1475 770 1551 veneficium,
798 1472 886 1559 quod
912 1472 952 1536 de
980 1471 1050 1556 lege
1076 1494 1138 1535 non
1162 1470 1264 1552 licuit,

309 1575 490 1641 absolutum
514 1590 571 1656 est,
594 1598 697 1661 neque
719 1597 834 1639 nocens
860 1572 973 1659 punita
998 1572 1123 1651 mulier,
1146 1572 1198 1636 cui
1221 1594 1260 1635 ex

310 1677 464 1742 sententia
480 1682 654 1742 multorum
669 1676 761 1740 venia
775 1687 899 1761 poterat
914 1674 1083 1759 indulgeri.
1129 1676 1202 1738 Hoc
1216 1675 1263 1738 ita

307 1779 415 1853 fuisse,
432 1802 534 1843 nonus
548 1779 629 1844 liber
644 1776 894 1843 memorabilium
916 1776 1074 1840 dictorum
1093 1775 1140 1839 vel
1160 1777 1259 1840 facto-

307 1904 378 1944 rum
394 1882 514 1947 Valerii
529 1881 665 1946 Maximi
687 1881 788 1945 docet.
835 1881 994 1944 Caeterum
1016 1891 1048 1943 et
1065 1880 1213 1959 Brutum,
1227 1891 1259 1942 et

306 1985 470 2049 mulierem
486 1986 658 2069 deliquisse
673 1982 865 2049 consentiam
881 1982 985 2061 facile,
997 2006 1034 2046 eo
1048 1981 1135 2067 quod
1151 2003 1258 2047 exces-

306 2087 381 2152 serit
395 2086 551 2151 medicina
566 2085 708 2166 modum,

580 2222 740 2291 nimiumque
753 2227 861 2290 sequuta
873 2228 922 2286 est,

405 2306 467 2370 Qua
478 2308 561 2360 morbi
572 2308 671 2361 duxere
683 2324 798 2359 manum.

303 2427 348 2491 Et
370 2425 443 2492 licet
470 2450 585 2513 magna
610 2427 731 2491 fuerint
753 2426 895 2501 crimina,
919 2426 1122 2511 praestantius
1147 2426 1252 2489 fuerat

301 2528 409 2591 eadem
427 2528 491 2591 sine
513 2528 677 2613 punientis
696 2526 827 2589 crimine
846 2526 1008 2589 vindicari.
1047 2525 1142 2590 Unde
1159 2538 1191 2589 et
1206 2527 1253 2588 in-

301 2628 460 2694 felicitatis
486 2630 698 2693 testimonium
726 2630 830 2691 Bruto
859 2626 1004 2714 perhibet
1035 2626 1129 2690 etiam
1159 2639 1253 2712 poeta

296 2730 461 2795 laudator:
486 2730 529 2793 ait
546 2729 627 2792 enim
644 2729 675 2790 in
694 2740 785 2792 sexto
802 2728 967 2814 Virgilius,

505 2863 639 2930 Natosque
651 2869 724 2933 pater
735 2880 802 2915 nova
813 2862 883 2915 bella
895 2868 1039 2926 moventes,

401 2946 445 2998 Ad
457 2964 562 3017 poenam
573 2947 679 3019 pulchra
690 2966 736 3020 pro
747 2947 867 3001 libertate
879 2949 987 3001 vocabat

401 3032 508 3097 Infelix,
518 3039 648 3102 utcunque
659 3033 744 3087 ferent
756 3041 783 3087 et
793 3034 864 3087 facta
874 3036 995 3088 minores.

295 3154 338 3215 At
354 3151 563 3215 infortunium
581 3153 744 3238 parricidii
764 3153 808 3217 sic
824 3176 916 3217 versu
938 3154 1082 3240 sequenti
1104 3168 1246 3234 excusat,

295 3266 332 3318 ut
349 3253 449 3319 inanis
463 3252 573 3340 gloriae
589 3266 704 3339 arguat
719 3254 897 3332 veritatem,
913 3254 1022 3319 dicens

400 3388 497 3441 Vincet
508 3406 579 3441 amor
590 3390 689 3459 patriae,
698 3388 855 3457 laudumque
866 3390 993 3441 immensa
1004 3392 1105 3462 cupido.

298 3508 372 3586 Sed,
388 3532 427 3572 ne
439 3509 512 3595 quis
523 3511 637 3574 amodo
651 3512 787 3575 Brutum
800 3510 954 3587 imitetur,
968 3512 1122 3597 populum
1139 3513 1244 3579 liberis

291 3611 473 3697 praeferens,
484 3612 603 3677 frustra
615 3611 842 3693 sollicitaberis,
856 3636 956 3697 quum
973 3612 1023 3676 vel
1039 3614 1115 3678 vitia
1131 3615 1244 3682 libero-

291 3736 361 3777 rum
390 3713 486 3778 saluti
508 3714 692 3801 reipublicae
718 3715 940 3801 praeferantur,
963 3715 1036 3779 licet
1058 3730 1179 3781 certum
1202 3720 1243 3783 sit

290 3816 377 3898 quod
391 3816 523 3881 salutem
535 3816 647 3903 populi
657 3817 762 3882 liberis
771 3817 919 3881 omnibus
928 3832 1073 3904 oporteat
1082 3820 1242 3883 anteferri.

291 3918 329 3979 In
346 3918 429 3981 libro
446 3919 573 4003 Regum
589 3920 733 4003 arguitur
751 3922 837 4000 Saul,
849 3920 935 4005 quod
951 3944 1051 4007 quum
1067 3922 1155 3987 facto
1169 3935 1244 3987 voto

288 4018 327 4082 de
338 4020 452 4084 diurno
463 4022 597 4106 jejunio,
612 4024 671 4086 sub
681 4022 860 4087 discrimine
871 4023 1021 4109 illiusqui
1032 4037 1106 4088 ante
1117 4037 1241 4089 noctem

287 4134 397 4186 contra
420 4136 531 4188 votum
559 4139 695 4189 sumeret
725 4126 843 4206 cibum,
868 4127 1025 4192 Jonathas
1055 4126 1140 4191 filius
1170 4128 1240 4214 ejus

287 4222 359 4299 mel,
371 4224 458 4308 quod
469 4243 604 4311 sceptro,
615 4227 649 4290 id
665 4239 721 4306 est,
733 4227 823 4291 basta
835 4229 995 4312 tetigerat,
1007 4242 1241 4314 praegustasset,

285 4336 418 4408 paterno
430 4337 535 4389 motus
547 4327 672 4404 affectu,
685 4340 794 4392 contra
805 4328 966 4412 religionis
979 4342 1086 4393 votum
1099 4333 1239 4417 pepercit
