3384 5234
367 658 429 721 314
615 669 752 715 maurus
769 667 1049 714 sanasnxursusrs
1190 649 1272 727 [tm.
1289 667 1325 710 v.

367 826 519 892 extitisse.
550 823 688 884 Tantum
700 842 836 904 namque
847 820 957 904 opinio
968 819 1176 905 praejudicata
1184 830 1323 903 poterat,

368 939 403 990 ut
426 926 504 987 nihil
531 925 771 987 convalesceret
796 924 836 984 ab
864 921 1025 1004 opposito,
1051 919 1129 982 dum
1155 920 1218 984 hoc
1246 922 1319 1003 ipse

367 1029 488 1091 dixisse
515 1026 683 1100 diceretur,
710 1038 742 1087 et
777 1045 819 1086 ex
843 1044 916 1096 usu,
936 1021 1219 1105 acquiescentium,
1255 1044 1322 1087 vox

367 1131 442 1213 lpse
458 1126 667 1210 pronominis
680 1123 894 1207 P5thag0ram
910 1122 1084 1186 indicabat.
1114 1123 1220 1195 Quum
1232 1125 1320 1187 enim

365 1229 551 1315 simpliciter
575 1228 752 1299 dicebatur,
776 1226 844 1309 ipse
880 1224 941 1287 hoc
973 1222 1067 1300 dixit,
1091 1244 1134 1286 ex
1159 1236 1320 1308 praecepta

365 1330 565 1407 auctoritate,
587 1339 666 1391 teste
691 1327 811 1403 Tullio,
833 1325 1047 1408 Pythagoram
1069 1325 1206 1408 intelligi
1228 1347 1323 1408 opor·
1381 1387 1384 1394 ,

364 1435 460 1497 tebat
506 1431 572 1493 Hic
599 1442 705 1493 tamen
730 1439 797 1491 tota
820 1428 1008 1491 auctoritate
1032 1447 1099 1502 sua,
1120 1448 1324 1511 nequaquam

361 1533 524 1618 judicium
550 1531 654 1607 flexit,
680 1529 737 1592 sed
763 1529 870 1592 adhuc
897 1525 1126 1592 interveniente
1157 1528 1324 1607 dilatione,

367 1645 496 1718 propter
514 1632 559 1694 rei
580 1629 818 1711 ambiguitatem
842 1628 962 1712 pendet
984 1628 1152 1691 sententia.
1196 1629 1324 1692 Thema

368 1735 499 1819 quidem
528 1731 711 1815 hujusmodi
739 1741 806 1794 est:
842 1732 978 1795 Evallus
1005 1731 1194 1794 adolescens
1220 1730 1324 1809 dives,

366 1835 559 1919 eloquentiae
576 1832 740 1896 discendae
752 1833 864 1912 gratia,
874 1851 1051 1913 causasque
1066 1829 1176 1893 orandi
1188 1832 1324 1914 cupiens

368 1936 435 1998 fuit.
481 1934 597 1996 Hicin
615 1932 819 2015 disciplinam
844 1932 1036 2014 Pythagorae
1063 1952 1097 1993 se
1124 1930 1225 2010 dedit,
1249 1953 1323 2014 pro-

369 2036 497 2098 mittens
512 2035 683 2117 pecuniam
699 2047 849 2116 quantam
871 2033 1070 2115 Pythagoras
1086 2034 1230 2115 petierat,
1247 2034 1323 2099 data

367 2134 536 2199 medietate
562 2146 735 2216 antequam
762 2131 989 2212 ingrederetur,
1028 2132 1157 2195 daturus
1191 2135 1322 2197 alteram

280 2311 288 2323 Ι
367 2256 432 2319 quo
449 2234 585 2315 primum
612 2231 663 2293 die
688 2253 817 2295 causam
833 2232 919 2315 apud
930 2233 1059 2316 judices
1085 2245 1274 2317 perorasset,
1290 2245 1324 2300 et

368 2337 505 2400 vicisset
552 2334 670 2396 Postea
685 2354 782 2416 quum
798 2333 918 2396 diutius
934 2332 1069 2407 auditor,
1084 2345 1321 2419 assectatorque

366 2438 558 2521 Pythagorae
570 2434 689 2513 fuisset,
698 2435 945 2519 facundiamque
956 2437 1166 2518 promovisset
1176 2437 1321 2516 astudio,

368 2551 400 2603 et
424 2552 604 2603 transcurso
631 2547 773 2620 tempore
802 2538 952 2618 longiori,
976 2537 1184 2601 causantibus
1214 2551 1319 2621 patro·

366 2643 488 2711 ciuium
511 2640 692 2721 denegaret,
708 2649 743 2702 ut
763 2641 946 2722 putabatur,
960 2661 1001 2701 ne
1017 2638 1158 2702 doctoris
1173 2641 1321 2725 impleret

366 2742 557 2821 mercedem,
571 2744 682 2806 habito
699 2743 845 2820 consilio,
859 2743 948 2804 litem
965 2764 1037 2806 cum
1061 2763 1099 2804 eo
1125 2743 1322 2826 Pythagoras

366 2854 572 2909 contestatur.
619 2843 726 2914 Quum
748 2863 825 2925 ergo
846 2841 889 2905 ad
915 2842 1042 2926 judices
1064 2844 1215 2907 ineundae
1242 2865 1321 2906 con-

368 2944 603 3026 stituendaeque
639 2964 744 3007 causae
780 2945 942 3007 venissent
977 2945 1086 3026 gratia,
1121 2945 1319 3028 Pythagoras

368 3048 414 3110 sic
427 3066 560 3109 exorsus
570 3054 626 3108 est.
659 3045 771 3119 Disce,
783 3045 901 3128 inquit,
925 3046 1111 3109 stultissime
1123 3045 1323 3121 adolescens,

367 3157 503 3230 utroque
519 3144 552 3207 id
568 3145 664 3208 modo
680 3146 758 3220 sore,
777 3146 823 3208 uti
847 3145 964 3209 reddas
980 3146 1067 3230 quod
1083 3160 1167 3230 peto,
1184 3147 1249 3209 sive
1264 3167 1323 3230 pro

367 3260 397 3312 te
413 3246 660 3330 pronunciatum
678 3246 747 3323 erit,
762 3248 828 3308 sive
844 3257 957 3309 contra
971 3260 1011 3308 te.
1059 3247 1143 3310 Nam
1160 3248 1187 3310 si
1211 3260 1323 3313 contra

367 3361 398 3413 te
412 3349 453 3411 lis
467 3348 525 3411 erit
546 3345 631 3422 data,
647 3368 767 3409 merces
793 3346 962 3410 debebitur
987 3347 1063 3409 mihi
1088 3370 1130 3411 ex
1153 3350 1324 3426 sententia,

367 3452 444 3535 quia
470 3471 530 3532 ego
555 3449 700 3512 evicero:
729 3448 778 3511 sin
805 3469 878 3511 vero
906 3447 1084 3512 secundum
1099 3459 1129 3511 te
1138 3449 1320 3533 judicatum

367 3554 435 3625 erit,
452 3572 573 3614 merces
587 3550 666 3612 mihi
682 3560 838 3634 expecto
855 3549 1032 3627 debebitur,
1055 3551 1132 3633 quia
1146 3562 1181 3613 tu
1196 3550 1321 3614 viceris.

367 3652 419 3716 Ad
434 3671 474 3713 ea
488 3650 614 3731 placide
630 3652 772 3714 Evallus.
819 3652 916 3731 Opto,
943 3652 1057 3735 inquit,
1072 3652 1148 3714 huic
1169 3665 1231 3713 tuae
1257 3663 1321 3713 tam

367 3750 498 3832 anticipi
516 3750 657 3830 captioni
673 3752 737 3814 isse
752 3751 892 3825 obviam,
909 3752 937 3813 si
953 3754 1046 3814 verba
1061 3771 1126 3812 non
1141 3750 1211 3830 ipse
1234 3750 1319 3815 face·

366 3871 444 3925 rem,
459 3860 556 3931 atque
577 3848 639 3909 alio
660 3858 794 3929 patrono
820 3862 931 3910 uterer.
984 3849 1050 3912 Sed
1075 3850 1176 3929 magis
1202 3849 1235 3911 in
1261 3850 1324 3917 ista

367 3947 508 4022 victoria,
519 3941 711 4027 praeludium
726 3956 785 4019 est,
796 3966 896 4028 quum
907 3956 940 4009 te
955 3967 1020 4009 non
1035 3948 1069 4009 in
1085 3970 1181 4013 causa
1196 3960 1320 4017 tantum

365 4048 472 4113 sedin
488 4052 675 4126 argumento
691 4065 822 4129 quoque
851 4046 912 4108 isto
939 4045 1073 4111 evicero.
1120 4049 1218 4114 Disce
1243 4074 1320 4135 ergo

366 4164 412 4227 tu,
426 4149 575 4231 magister
590 4146 838 4231 sapientissime,
853 4157 988 4233 unoque
1004 4151 1100 4214 modo
1116 4152 1258 4216 futurum
1273 4156 1322 4218 uti

366 4274 433 4317 non
448 4251 577 4316 reddam
594 4250 682 4334 quod
697 4252 791 4335 petis,
803 4252 869 4316 sive
882 4264 994 4316 contra
1011 4275 1062 4317 me
1073 4257 1319 4338 pronunciatum
