3384 5234
419 690 479 750 198
663 702 798 746 mannis
814 700 1092 745 sanasnnnrnrvsrs
1217 680 1298 759 [mu.
1315 698 1367 741 ιιι.

416 857 545 920 cissima
569 856 704 918 fundum
727 855 836 932 habet,
861 863 894 916 et
917 854 1005 916 brevi
1032 851 1121 915 exitu
1146 859 1370 930 congestarum

416 979 571 1041 aquarum
593 956 793 1041 quantalibet
815 956 911 1038 copia
936 954 1059 1029 defluit,
1081 953 1241 1035 fontisque
1267 953 1370 1014 abun·

415 1057 526 1120 dantia
540 1059 672 1136 tollitur,
689 1056 892 1119 scaturientis
910 1076 1000 1118 venae
1014 1052 1220 1117 facunditate
1236 1052 1370 1114 sublata.

416 1159 509 1220 Exili
517 1160 703 1241 plerumque
714 1168 822 1220 meatu
832 1158 993 1219 inclusum
1008 1154 1106 1235 egerit
1115 1175 1194 1217 urna
1203 1154 1369 1236 liquorem.

417 1259 471 1322 Sic
487 1260 718 1337 minutissimis,
730 1258 806 1321 dum
820 1258 1039 1342 frequentibus
1050 1267 1083 1319 et
1093 1255 1254 1319 continuis
1263 1274 1369 1337 sump-

416 1360 516 1435 tibus,
545 1361 750 1444 amplissimae
779 1359 1013 1422 exhauriuntur
1048 1379 1138 1441 opes,
1168 1369 1201 1419 et
1228 1356 1371 1418 brevium

418 1461 635 1525 subtractione
658 1461 873 1535 minutiarum,
894 1460 1035 1522 maxima
1056 1459 1225 1523 haereditas
1247 1458 1370 1541 expila-

417 1575 486 1626 tur:
503 1563 567 1625 nisi
582 1564 659 1625 sorte
674 1562 827 1646 prodigus
842 1563 1017 1645 pecuniam
1030 1562 1171 1625 inveniat
1185 1560 1365 1624 redivivam.

522 1678 571 1727 Eat
581 1675 659 1728 luxus
669 1675 805 1747 populator
816 1694 903 1747 opum,
916 1676 958 1728 cui
970 1693 1072 1747 semper
1083 1675 1219 1728 adhaerens

524 1761 622 1814 infelix
633 1761 725 1814 humili
736 1778 829 1829 gressu
841 1763 1102 1829 eomitatrnegestas.

418 1866 489 1928 Illis
504 1887 579 1947 ergo
594 1865 789 1948 parcendum
802 1878 861 1942 est,
874 1887 1008 1949 quorum
1018 1865 1217 1928 necessarius
1226 1864 1372 1926 imminet

418 1989 506 2040 usus,
522 1976 554 2029 ct
566 1965 687 2049 aliquid
702 1966 924 2050 adjiciendum
946 1975 995 2031 est
1015 1968 1195 2049 quantitati,
1218 1988 1289 2050 quae
1299 1966 1372 2050 jugi

419 2069 554 2151 partium
571 2064 765 2130 deductione
786 2068 952 2131 decrescit.
997 2070 1042 2131 Et
1054 2069 1133 2130 licet
1154 2089 1215 2130 usu
1230 2067 1373 2129 defluant

420 2166 556 2229 unicolae
571 2165 766 2248 patrimonii,
782 2178 906 2249 gratum
922 2180 971 2230 est
984 2167 1130 2248 diligenti
1142 2167 1372 2248 patrifamiliae,

419 2269 446 2331 si
462 2269 513 2330 vel
524 2267 683 2330 ratiocinii
700 2270 825 2332 calculo
842 2281 1018 2343 teneantur,
1033 2269 1180 2351 peritque
1192 2266 1373 2350 dupliciter,

420 2368 506 2452 quod
521 2369 656 2433 elabitur
670 2370 836 2434 nescienti.
881 2370 931 2432 Ad
946 2370 1018 2433 haec

768 2507 834 2559 lucri
845 2506 929 2560 bonus
941 2512 982 2559 eat
993 2508 1055 2560 odor
1066 2524 1101 2560 ex
1112 2526 1141 2560 re

525 2592 660 2655 Qualibet.
696 2592 749 2644 llla
761 2598 805 2645 tuo
817 2593 948 2646 sententia
959 2611 1061 2664 semper
1072 2595 1098 2645 in
1111 2610 1154 2647 ore

524 2679 662 2743 Versetur,
676 2679 736 2731 Diis
748 2684 827 2747 atque
839 2679 895 2750 ipso
907 2680 971 2733 Jove
983 2680 1074 2747 digna,
1082 2685 1179 2752 poetae:

524 2769 541 2797 “
555 2764 634 2816 Unde
645 2764 743 2815 habeat
755 2766 847 2833 qnaerit
859 2783 947 2830 nemo,
958 2765 1004 2818 sed
1016 2771 1118 2837 oportet
1128 2766 1258 2819 haberel”

420 2904 460 2964 In
482 2902 533 2965 his
556 2901 686 2985 quidem
709 2900 836 2978 versari,
860 2911 910 2964 est
933 2902 1076 2966 arctioris
1105 2904 1213 2985 gratiae
1243 2904 1373 2968 funibus

420 3002 540 3066 vincire
567 3003 708 3079 divitem,
734 3001 813 3064 licet
834 3003 1042 3067 versibilitate
1068 3006 1190 3086 ingenii
1215 3007 1373 3071 lubricum

419 3106 535 3170 Protea
564 3105 678 3170 vincat
724 3107 790 3167 Aut
818 3106 846 3169 ai
877 3106 1018 3170 veritatis
1049 3107 1159 3171 deficit
1188 3109 1296 3189 gratia,
1324 3110 1373 3171 vel

420 3206 577 3270 ulterioris
600 3206 821 3271 familiaritatis
845 3207 1004 3271 exhibitio
1032 3220 1167 3272 constat.
1213 3209 1373 3273 Caeterum

420 3307 497 3370 licet
527 3318 695 3392 utrumque
717 3330 783 3370 non
804 3308 910 3390 possis
932 3308 1069 3390 assequi,
1093 3320 1125 3371 et
1146 3329 1249 3372 rerum
1270 3312 1373 3394 priva·

418 3420 522 3470 tarum
537 3408 827 3490 participationem,
839 3419 872 3471 et
882 3410 998 3472 calculi
1008 3411 1185 3485 cautiones,
1201 3424 1233 3476 te
1245 3414 1373 3477 secretis

418 3507 537 3588 ingere,
567 3504 679 3590 quavis
708 3519 784 3570 arte.
829 3510 879 3570 An
909 3509 1017 3571 nescis
1044 3512 1131 3592 quod
1158 3514 1215 3595 qui
1237 3527 1375 3596 pergunt

420 3607 501 3688 ipsis
518 3606 769 3688 Imperatoribus
783 3609 949 3691 imperare,

527 3704 700 3781 Scire'volunt
711 3734 812 3780 secreta
824 3728 925 3791 domus,
939 3734 1019 3797 atque
1030 3730 1091 3785 inde
1102 3730 1208 3783 timeri?

420 3841 466 3903 Et
496 3860 560 3923 quo
590 3837 765 3903 studiosius
795 3843 1007 3919 occultantur,
1030 3864 1068 3906 eo
1092 3841 1277 3925 diligentius
1299 3856 1373 3909 sunt

420 3938 657 4024 perscrutanda
704 3942 831 4025 Nempe

525 4061 608 4114 Carus
622 4061 671 4113 erit
684 4062 771 4127 Verri,
784 4064 827 4132 qui
840 4062 961 4130 Verrem,
974 4070 1088 4138 tempore
1101 4085 1151 4136 quo
1161 4068 1226 4134 vult,

527 4148 658 4200 Accusare
670 4153 764 4218 potest.

422 4262 456 4325 Si
473 4271 580 4327 tamon
596 4262 677 4327 inter
691 4264 793 4327 malos
814 4266 928 4331 caritas
943 4275 998 4329 aut
1013 4268 1153 4336 amicitia
1167 4291 1237 4335 esse
1253 4282 1375 4362 potest;
