3384 5234
452 666 512 726 116
699 677 835 724 roaunrs
850 679 1131 725 sannsnnrunusrs
1265 661 1348 741 [nin.
1365 678 1403 722 11.

450 832 525 896 dose
553 827 678 911 colligis
707 840 854 915 patenter
882 829 986 895 video.
1038 830 1148 893 Primo
1178 829 1255 913 quia
1284 828 1402 891 divinae

448 928 620 1015 majestatis
640 928 896 1009 immensitatem,
910 931 1079 1015 parvitatis
1100 930 1248 992 humanae
1272 928 1403 992 modulo

446 1029 686 1107 circumscribis,
715 1043 747 1095 et
784 1031 971 1095 aetemitatis
1005 1030 1233 1096 immutabilem
1272 1042 1403 1110 statum,

446 1131 622 1197 labentium
642 1154 747 1196 rerum
768 1130 917 1217 imagine,
932 1145 965 1197 et
988 1131 1224 1198 succedentium
1241 1130 1300 1195 sibi
1321 1143 1402 1193 tem-

445 1256 559 1321 porum
576 1234 728 1297 varietate
742 1233 925 1317 distinguis.
964 1235 1026 1297 Sed
1043 1234 1136 1319 longe
1151 1256 1240 1297 secus
1254 1255 1321 1296 θεεθ
1336 1232 1400 1307 hic,

445 1350 543 1423 atque
554 1337 587 1401 in
603 1336 654 1399 his
670 1358 711 1399 ex
727 1334 981 1420 praecedentibus
995 1335 1139 1421 oportuit
1150 1335 1283 1420 concipi,
1298 1357 1400 1420 quum

445 1437 632 1505 aternitatis
650 1449 769 1501 statum
788 1436 896 1500 nullus
915 1438 1044 1501 omnino
1068 1449 1175 1501 motus
1197 1436 1345 1522 attingat,
1366 1446 1399 1499 et

444 1564 591 1605 creatura
617 1539 771 1625 quaelibet
795 1561 932 1618 accessu,
958 1539 1007 1602 vel
1033 1538 1163 1603 decessu
1189 1538 1399 1603 accidentium

443 1655 619 1706 moveatur.
664 1641 773 1703 Homo
787 1639 944 1724 siquidem
961 1640 986 1703 si
1001 1640 1081 1725 quid
1104 1640 1251 1726 providet
1271 1639 1397 1705 futuro·

443 1765 526 1819 rum,
542 1742 647 1807 statim
670 1753 806 1804 mentem
829 1744 899 1825 ejus
921 1740 1054 1825 quidam
1075 1754 1180 1806 motus
1199 1740 1397 1826 aggreditur,

444 1855 480 1907 ut
494 1843 618 1906 animus
634 1833 771 1928 quadam
789 1840 1001 1925 applicatione
1017 1840 1078 1919 sui,
1093 1843 1135 1906 ad
1150 1841 1237 1906 aliud
1260 1841 1348 1928 apud
1364 1864 1396 1905 se

441 1944 546 2007 futuri
560 1943 664 2029 operis
679 1942 812 2027 speciem
830 1942 1027 2026 praefiguret,
1045 1942 1242 2028 eandemque
1257 1943 1397 2028 plerum-

441 2042 1396 2129 quenuncquasiinarebivismemoriaedepositam,reponit‚

390 2193 391 2196 ,
439 2165 524 2206 nunc
549 2141 640 2227 quasi
666 2142 698 2205 in
726 2142 855 2226 speculo
881 2141 998 2207 nativae
1024 2143 1175 2227 puritatis
1203 2144 1335 2227 replicat
1361 2158 1394 2211 et

439 2243 581 2307 revolvit.
626 2242 767 2306 Facilius
792 2241 876 2307 enim
900 2253 947 2306 est
972 2256 1094 2307 motum
1118 2242 1203 2306 hunc
1224 2244 1266 2307 ab
1288 2245 1394 2309 animo

438 2343 566 2409 omnino
594 2343 738 2417 deficere,
770 2364 867 2426 quam
897 2342 1161 2428 contemplatione
1186 2343 1258 2428 jugi
1287 2345 1393 2409 animo

437 2446 602 2510 inhaerere.
638 2446 683 2509 Et
700 2443 829 2529 quidem
854 2443 905 2507 bic
927 2457 1044 2521 motus,
1060 2445 1086 2508 si
1109 2467 1170 2508 non
1191 2445 1392 2530 providentia

437 2559 496 2624 est,
505 2559 562 2611 aut
571 2544 802 2633 providentiam
816 2546 912 2629 parit,
923 2559 978 2610 aut
990 2548 1020 2609 ei
1030 2547 1252 2632 cujuscunque
1263 2548 1393 2615 foederis

438 2650 551 2715 notitia
562 2650 733 2713 vicinatur.
766 2646 874 2720 Quum
889 2669 964 2711 vero
979 2662 1085 2714 motus
1099 2650 1290 2735 praecedens,
1303 2665 1335 2716 et
1350 2675 1391 2716 ex

436 2774 473 2817 ea
493 2761 646 2837 concepta
668 2749 799 2835 species,
813 2749 916 2813 futuri
936 2750 1041 2834 operis
1056 2750 1184 2835 sequela
1205 2751 1390 2829 frustratur,

435 2852 538 2916 inanis
553 2865 601 2916 est
620 2850 752 2935 agitatio
773 2850 897 2925 mentis,
915 2863 946 2914 et
968 2850 1060 2935 quasi
1082 2851 1196 2914 umbra
1210 2850 1243 2914 in
1261 2857 1389 2930 somnis,

435 2954 501 3017 sine
522 2954 665 3017 veritatis
684 2974 815 3036 corpore
836 2951 1006 3016 evanescit.
1050 2956 1161 3022 Motus
1182 2965 1298 3035 tamen,
1314 2955 1390 3039 quia

433 3058 538 3142 reipsa
552 3057 615 3121 fuit
631 3057 662 3120 in
687 3056 802 3133 anima,
818 3078 880 3120 non
905 3068 1009 3141 potest
1024 3078 1086 3119 non
1109 3056 1204 3119 fnisse
1219 3056 1252 3119 in
1273 3057 1388 3134 anima,

433 3171 466 3218 et
488 3155 592 3218 anima
612 3178 687 3239 quae
710 3169 816 3220 motus
836 3154 1010 3239 agitatione
1032 3167 1119 3218 mota
1137 3168 1196 3232 est,
1219 3178 1281 3220 non
1303 3171 1389 3221 mota

432 3279 495 3319 non
525 3257 621 3338 fnisse
652 3278 713 3318 non
743 3268 859 3339 potest.
907 3257 1006 3319 Porro
1032 3255 1149 3320 divinae
1175 3256 1386 3341 simplicitatis

432 3370 546 3431 status,
573 3356 666 3435 longe
694 3354 755 3415 alia
785 3355 925 3417 conditio
955 3369 1013 3419 θεῖ.
1061 3358 1112 3420 Ea
1140 3358 1298 3441 siquidem
1324 3381 1388 3424 nno

431 3455 566 3541 simplici
582 3466 614 3516 et
634 3453 802 3516 individuo
817 3467 960 3537 aspectu,
975 3468 1012 3517 ut
1028 3455 1216 3539 praedictum
1238 3472 1297 3538 est,
1312 3483 1386 3545 quac

431 3569 516 3632 sunt,
533 3576 604 3639 qnae
625 3554 767 3629 fuerunt,
783 3567 815 3618 et
836 3574 911 3639 quae
931 3564 1066 3617 ventura
1086 3570 1172 3633 sunt,
1187 3560 1293 3622 omnia
1313 3583 1387 3623 con-

431 3654 615 3739 templatur,
629 3652 781 3737 nulloque
791 3674 897 3716 rerum
908 3651 1110 3716 mutabilium
1120 3654 1210 3741 lapsu
1221 3669 1382 3721 movetur:

430 3754 485 3820 sed
505 3756 537 3818 in
553 3755 656 3839 seipsa
676 3753 770 3815 semel
791 3768 822 3818 et
847 3750 942 3816 simul
961 3766 1114 3816 contuens
1136 3754 1292 3835 universa,
1307 3757 1382 3821 sub·

429 3858 511 3923 sistit
527 3854 732 3934 invariabilis,

534 3968 685 4038 stabilisque
696 3984 804 4019 manens
816 3967 863 4019 dat
874 3972 965 4019 cuncta
976 3968 1081 4020 moveri.

428 4077 474 4139 Et
500 4073 572 4137 licet
599 4070 760 4135 interdum
786 4070 816 4134 ei
842 4070 997 4155 praeteriti
1023 4074 1176 4157 temporis
1201 4086 1256 4138 aut
1280 4073 1382 4140 futuri

428 4177 525 4240 verba
540 4186 700 4260 aptentur,
716 4196 779 4238 non
796 4174 824 4237 ei
845 4172 1018 4260 quicquam
1035 4197 1075 4237 ex
1096 4173 1156 4238 hoc
1171 4175 1316 4240 subtrahi
1331 4178 1382 4241 vel

427 4278 621 4367 impendere,
648 4277 701 4341 sed
734 4298 839 4341 rernm
871 4276 1086 4363 subjectarum
1116 4279 1325 4356 mutabilitas,
1354 4280 1380 4343 si
