3384 5234
337 705 406 751 cre.
422 681 544 769 xant]
691 703 945 756 Ponroaarrous.
1229 702 1291 761 147

333 855 415 921 enirn
438 855 551 923 fuisset
577 862 718 935 Samuel,
741 877 942 947 nequaquam
968 882 1002 926 se
1027 862 1223 947 permisisset
1243 867 1286 931 ab

333 958 460 1023 homine
481 959 619 1038 adorari,
641 962 698 1047 qui
722 959 897 1027 secundum
920 962 1022 1049 legem
1044 963 1234 1039 crediderat,
1253 980 1286 1031 at

331 1060 482 1127 docuerat
494 1082 593 1127 unum
606 1064 711 1126 Deum
724 1076 755 1126 et
773 1062 950 1126 Dominum
962 1061 1170 1132 adorandum.
1200 1066 1287 1131 Proe.

331 1176 417 1229 terea
431 1178 548 1230 sanctae
559 1168 703 1231 animaea
719 1176 873 1250 potestate
887 1164 1099 1250 malignorum
1113 1167 1284 1253 spirituum

330 1277 487 1352 exemptae
502 1276 586 1330 sunt.
630 1267 796 1329 Postremo
811 1262 936 1349 decepti
951 1266 1086 1331 bominis
1108 1289 1170 1331 non
1185 1266 1283 1332 fovis-

330 1380 377 1431 set
405 1389 556 1441 errorem,
586 1364 675 1452 quod
703 1387 777 1429 eum
806 1387 847 1429 ex
878 1366 1144 1452 subsequentibus
1172 1367 1283 1433 fecisse

330 1466 501 1551 colligitur.
545 1467 760 1534 Dixitautem
782 1466 910 1531 Samuel
931 1465 972 1531 ad
999 1467 1144 1534 Saulem:
1175 1471 1282 1548 Quare

329 1569 516 1654 inquietasti
531 1590 582 1633 me
600 1581 637 1633 ut
659 1568 853 1634 suscitarer?
885 1570 967 1634 Haec
981 1582 1028 1633 est
1050 1569 1132 1633 enim
1149 1571 1283 1636 fraudu·
1385 1648 1387 1652 ,

328 1670 426 1735 lentia
449 1670 657 1756 malignorum
681 1670 865 1756 spirituum,
882 1683 918 1735 ut
934 1671 1023 1756 quod
1047 1671 1134 1736 ultro
1148 1672 1281 1754 faciunt,

328 1784 359 1837 et
377 1773 500 1837 dictant
514 1772 695 1837 bominibus
709 1771 903 1848 faciendum,
917 1795 1049 1858 operose
1068 1773 1279 1853 dissimulent,

327 1886 364 1939 ut
380 1875 441 1939 lroo
454 1874 555 1939 lacere
570 1873 738 1939 videantur
761 1874 864 1940 inviti.
909 1874 1067 1940 Simulant
1088 1886 1125 1939 se
1144 1888 1280 1957 coactos,

327 1989 359 2043 et
381 1977 474 2064 quasi
488 1977 733 2042 exorcismorum
751 1977 871 2041 virtute
894 1988 1053 2042 extractos
1068 1978 1214 2062 fingunt;
1246 1989 1279 2043 et

326 2101 392 2165 quo
418 2079 523 2144 minus
547 2092 731 2155 caveantur,
757 2077 948 2143 exorcismos
976 2079 1068 2164 quasi
1094 2078 1126 2143 in
1152 2080 1279 2145 nomine

325 2181 466 2257 Domini,
490 2194 547 2247 aut
568 2182 601 2245 in
628 2180 692 2245 fide
717 2179 880 2255 trinitatis,
903 2192 961 2245 aut
987 2181 1222 2258 incarnationis,
1245 2196 1276 2247 et

324 2282 476 2369 passionis
506 2284 626 2347 virtute
655 2294 826 2367 conceptos
854 2294 1061 2366 componunt,
1086 2282 1279 2370 eosdemque

324 2384 507 2469 hominibus
542 2385 686 2465 tradunt,
714 2384 934 2449 exercentibus
963 2407 1016 2449 eos
1048 2386 1278 2470 obtemperant,

324 2488 424 2553 donec
441 2510 494 2552 eos
515 2509 621 2553 secum
643 2486 773 2551 crimine
796 2485 961 2570 sacrilegii,
976 2498 1009 2550 et
1032 2508 1126 2571 poena
1147 2487 1278 2551 damna-

324 2588 419 2654 tionis
444 2588 617 2654 involvant.
663 2587 910 2672 Transfigurant
934 2586 1030 2651 etiam
1058 2608 1091 2649 se
1115 2586 1278 2653 interdum

323 2695 355 2755 in
371 2690 500 2775 angelos
513 2689 605 2767 lucis,
619 2687 752 2754 honesta
771 2688 837 2754 sola
859 2686 1060 2773 praecipiunt,
1075 2686 1183 2751 illicita
1205 2710 1278 2774 pro-

324 2793 448 2870 hibent,
471 2791 660 2856 munditiam
687 2802 922 2864 consectantur,
949 2786 1143 2853 utilitatibus
1171 2788 1277 2875 provi-

323 2895 412 2971 dent,
424 2905 460 2959 ut
474 2892 564 2979 quasi
575 2892 650 2958 boni
665 2906 696 2958 et
713 2891 843 2978 propitii
855 2891 1043 2955 familiarius
1055 2891 1278 2971 admittantur,

323 2995 497 3061 audiantur
518 2994 696 3080 benignius,
719 3007 866 3058 amentur
888 2992 1017 3071 arctius,
1032 2990 1157 3056 facilius
1178 3012 1276 3056 exau-

321 3097 470 3163 diantur:
497 3096 641 3162 habitum
657 3119 784 3183 quoque
799 3095 938 3159 induunt
953 3091 1180 3156 venerabilium
1202 3115 1274 3178 per·

321 3220 480 3273 sonarum,
495 3209 531 3264 ut
546 3198 591 3263 eis
605 3199 706 3285 major
721 3210 754 3263 et
769 3199 948 3282 promptior
963 3194 1138 3259 reverentia
1152 3195 1273 3281 impen-

319 3299 425 3365 datur.
459 3303 505 3364 Et
519 3299 565 3363 ait
581 3298 675 3363 Saul:
700 3299 854 3361 Cosrctor
868 3293 970 3359 nimis.
1017 3292 1183 3379 Siquidem
1194 3292 1272 3357 Phi-

320 3400 430 3465 listiim
447 3413 593 3485 pugnant
611 3399 777 3463 adversum
801 3420 862 3477 me,
877 3408 911 3464 et
930 3400 1019 3461 Deus
1030 3396 1158 3460 recessit
1174 3418 1193 3460 a
1208 3419 1271 3475 me,

320 3514 352 3565 et
375 3500 528 3565 exaudire
548 3523 599 3563 me
613 3499 728 3575 noluit,
744 3520 849 3583 neque
863 3498 896 3561 in
912 3519 1008 3560 manu
1028 3497 1270 3583 prophetarum,

318 3623 423 3689 neque
448 3624 505 3688 per
530 3605 661 3666 somnia.
715 3598 831 3664 Vocari
857 3621 934 3684 ergo
960 3611 1002 3679 te,
1028 3613 1065 3662 ut
1089 3600 1270 3666 ostenderes

317 3706 395 3771 milri
410 3705 489 3793 quid
503 3704 629 3770 faciam.
674 3706 724 3767 Aa
737 3702 762 3766 si
778 3713 887 3787 aperte
902 3701 1005 3765 dicat:
1024 3702 1064 3764 In
1078 3702 1270 3787 desperatio-

316 3806 365 3869 nis
379 3806 530 3890 abyssum
545 3801 765 3891 praecipitatus
780 3823 861 3866 sum.
903 3805 1099 3886 Impugnaut
1114 3801 1268 3882 homines,

314 3906 431 3971 deserit
454 3906 556 3981 Deus,
572 3916 604 3968 et
626 3926 687 3988 ego
707 3902 748 3965 ad
771 3914 814 3978 te,
831 3900 887 3987 qui
909 3900 942 3965 in
964 3901 1099 3965 veritate
1121 3902 1267 3989 utrisque

313 4006 485 4071 inimicaris
506 4002 669 4087 confugio,
686 4013 724 4064 ut
745 4000 838 4086 quasi
860 4000 973 4064 doctor
992 3998 1187 4085 discipulum
1207 4001 1267 4065 do·

313 4129 395 4184 ceas,
424 4104 504 4191 quid
533 4126 584 4167 me
613 4102 645 4165 in
675 4114 764 4165 tanta
798 4098 946 4183 angustia
979 4112 1125 4184 oporteat
1156 4101 1267 4165 facere.

314 4207 403 4273 Licet
418 4209 502 4271 enim
526 4227 597 4269 eum
617 4202 672 4289 qui
696 4201 886 4287 loquebatur
909 4200 1052 4264 crederet
1076 4199 1264 4277 Samuelem,

315 4322 420 4371 tamen
435 4306 469 4370 in
484 4308 617 4370 veritate
631 4317 700 4368 erat
711 4302 847 4387 angelus
866 4301 1024 4368 Satbanae.
1070 4301 1138 4363 Nec
1160 4302 1265 4385 potuit

765 4413 821 4469 12
