3384 5234
318 710 389 754 car.
405 695 518 773 xv111.]
690 714 941 761 eom'caarrcus.
1228 707 1269 763 99

317 872 475 937 naturam,
488 861 567 946 quid
584 862 703 925 scilicet
715 862 747 925 in
764 886 807 937 se,
820 863 900 947 quid
916 864 946 926 in
964 864 1032 928 aliis
1048 865 1124 939 sint,
1141 863 1270 930 liberius

317 972 348 1022 et
374 959 500 1024 fidelius
530 962 775 1047 contemplatur,
802 963 879 1026 dum
911 975 1013 1028 terum
1046 966 1267 1043 substantiam,

315 1062 528 1145 quantitatem
549 1064 589 1127 ad
611 1064 746 1148 aliquid,
761 1065 960 1149 qualitatem,
977 1068 1086 1143 situm,
1108 1090 1184 1142 esse,
1202 1069 1269 1147 ubi,

312 1163 453 1244 quando,
476 1164 604 1239 habere,
627 1164 741 1243 facere,
764 1164 842 1248 pati,
867 1164 1050 1249 singillatim
1078 1165 1208 1232 discutit
1234 1189 1266 1233 et

313 1263 471 1327 discernit.
528 1267 608 1341 Quae
638 1266 696 1328 etsi
726 1263 910 1348 singillatim
941 1289 1009 1331 esse
1039 1290 1101 1330 non
1131 1274 1263 1354 possint,

314 1363 495 1446 singillatim
527 1378 631 1428 tamen
658 1365 840 1450 investigari
867 1381 1005 1451 queant:
1040 1382 1071 1432 et
1099 1369 1138 1432 ad
1166 1370 1265 1435 totius

315 1451 530 1551 Philosophiae
558 1466 793 1551 compendium,
823 1467 989 1531 utilissima
1018 1483 1064 1533 est
1095 1470 1163 1534 haec
1195 1494 1263 1556 spe·

313 1565 442 1644 culatio,
467 1566 499 1629 in
526 1590 589 1651 qua
618 1566 856 1652 magnitudinis,
881 1581 912 1631 et
939 1570 1164 1650 multitudinis,
1190 1595 1263 1658 quae

314 1667 380 1730 duo
395 1680 499 1731 totum
520 1668 627 1731 orbem
648 1669 904 1753 complectuntur
923 1683 954 1734 et
976 1671 1132 1749 ambiunt,
1148 1692 1264 1737 natura

310 1768 492 1833 discutitur.
553 1769 720 1854 Numquid
750 1770 937 1835 abstrahens
965 1773 1154 1853 intellectus,
1183 1774 1260 1838 dum

314 1872 383 1934 haec
400 1871 478 1955 agit,
498 1872 621 1936 ociosus
641 1885 697 1948 est,
719 1886 776 1937 aut
798 1873 930 1951 inutilis,
945 1897 1002 1957 per
1022 1897 1117 1959 quem
1138 1877 1263 1941 animus

314 1974 516 2037 honestarum
541 1978 657 2039 artium
683 1975 846 2059 gradibus,
873 1975 914 2037 ad
941 1975 1091 2039 thronum
1118 1998 1264 2040 cousum-

310 2088 404 2139 matae
430 2074 646 2159 Philosophiae
668 2075 878 2139 conscendit?
917 2075 1161 2139 Multitudinem
1185 2099 1262 2161 ergo

310 2195 383 2259 quae
404 2174 547 2260 potentia
567 2175 616 2238 sui
637 2175 669 2237 in
690 2174 849 2240 inlinitum
870 2175 992 2250 crescit,
1012 2180 1093 2241 sicut
1116 2190 1262 2241 econtra

311 2277 497 2361 magnitudo
515 2275 667 2341 decrescit
690 2278 721 2340 in
738 2276 909 2352 infinitum,
926 2277 1093 2342 bimembri
1108 2278 1261 2341 divisione

309 2379 459 2463 partitur,
480 2379 558 2442 dum
579 2401 648 2441 eam
672 2400 757 2441 uiroc
777 2377 961 2463 simpliciter
980 2392 1011 2442 et
1032 2401 1089 2464 per
1111 2402 1154 2456 se,
1178 2401 1262 2442 nunc

311 2478 351 2542 ad
386 2479 474 2542 aliud
512 2480 644 2543 relatam
682 2492 861 2555 contuetur,
896 2479 1025 2543 alteram
1065 2480 1261 2543 demandans

309 2581 537 2660 Arithmeticae,
559 2581 690 2645 alteram
715 2581 849 2645 Musicae
876 2580 970 2664 pleno
990 2582 1065 2665 jure
1088 2603 1259 2644 reservans.

312 2679 568 2763 Magnitudinem
586 2703 716 2765 quoque
731 2693 814 2744 secat
829 2681 861 2743 in
883 2680 963 2742 duas
984 2682 1113 2763 species,
1129 2678 1259 2742 alteram

309 2777 512 2862 immobilem,
547 2782 715 2867 subjiciens
748 2782 937 2866 geometris;
976 2780 1107 2845 alteram
1144 2780 1262 2843 scilicet

311 2880 470 2960 mobilem,
493 2883 543 2945 his
568 2883 625 2968 qui
651 2895 806 2946 astrorum
837 2894 870 2944 et
896 2881 1072 2946 coelestium
1099 2878 1261 2944 scientiam

310 2982 508 3065 profitentur.
548 2985 586 3046 In
602 2982 738 3047 hisvero
753 2995 894 3067 quatuor
909 2982 1083 3067 speciebus,
1099 2980 1259 3055 mathesis,

310 3084 342 3146 id
369 3096 425 3159 est,
453 3085 636 3149 doctrinalis
663 3098 731 3150 tota
756 3084 909 3160 consistit,
937 3097 969 3147 et
995 3083 1088 3169 quasi
1120 3096 1260 3167 quatuor

309 3185 522 3272 Philosophiae
552 3187 717 3265 limitibus,
747 3186 918 3249 mundanae
947 3184 1109 3270 sapientiae
1140 3184 1259 3266 perfec-

309 3292 425 3352 tionem
456 3292 643 3373 assequitur.
698 3289 825 3353 Primus
854 3288 962 3373 itaque
991 3286 1111 3371 gradus
1140 3300 1186 3350 est
1217 3285 1258 3352 ab

308 3390 518 3454 Arithmetica
528 3412 730 3455 numerorum
742 3390 892 3453 virtutem
906 3402 1063 3453 mutuare.
1096 3387 1259 3452 Secundus

306 3492 547 3577 proportionum
562 3490 695 3574 gratiam
711 3513 730 3552 a
753 3489 879 3553 Musica
900 3491 1035 3566 trahere,
1052 3490 1180 3553 Tertius
1200 3490 1257 3553 ob·

308 3592 406 3655 tinere
418 3591 577 3655 scientiam
590 3615 609 3653 a
622 3593 823 3655 Geometrica
838 3614 1068 3654 mensurarum.
1102 3594 1256 3667 Quartus,

305 3694 454 3780 idemque
480 3695 682 3773 novissimus,
708 3714 812 3755 veram
836 3693 1025 3775 positionem
1048 3693 1186 3756 siderum
1208 3714 1256 3754 as·

305 3796 459 3880 sequitur,
491 3808 522 3858 et
552 3794 617 3857 vim
648 3792 822 3856 coelestium
854 3806 1085 3877 perscrutatur.
1132 3795 1255 3854 Eorum

306 3917 390 3972 vero,
414 3895 471 3980 qui
494 3894 654 3959 scientiam
680 3894 869 3979 profitentur
891 3906 1061 3969 astrorum,
1082 3891 1135 3954 alii
1155 3892 1256 3976 opini-

306 3999 374 4059 onis
396 4017 501 4057 errore
527 3993 740 4078 prolabuntur
767 3993 806 4055 ad
831 3992 968 4069 fabulas,
992 3991 1023 4054 in
1050 4014 1116 4076 quo
1141 3990 1252 4075 depre-

305 4095 455 4160 henditur
478 4109 510 4159 et
532 4095 694 4180 Hyginus,
716 4095 770 4158 alii
793 4093 859 4157 sola
878 4092 1111 4176 imaginationis
1133 4092 1253 4154 virtute

305 4197 443 4260 contenti
465 4208 549 4271 sunt,
571 4196 649 4280 quid
672 4218 782 4258 verum
803 4196 843 4259 sit
863 4194 1040 4257 doctiorum
1059 4192 1184 4276 judicio
1203 4214 1253 4253 re·

304 4309 475 4376 servantes,
492 4301 569 4362 satis
589 4310 717 4380 agentes
735 4296 806 4369 sibi,
823 4292 998 4358 dummodo
1020 4292 1085 4356 veri
1107 4290 1258 4385 similitu-3

746 4405 806 4459 aa
1245 4401 1247 4407 '
1279 4403 1285 4410 '
