3384 5234
340 692 410 737 car.
426 674 487 748 v1.]
684 688 940 734 rotreaamcus.
1228 676 1291 735 939

340 843 411 905 dem
429 841 501 904 Diis
521 838 623 904 habeo
640 838 788 923 gratiam,
804 859 866 901 non
882 836 1016 922 proinde
1031 836 1107 922 quia
1122 851 1289 915 natusest,

340 964 436 1028 quam
460 964 520 1026 pro
548 964 586 1004 eo
617 939 703 1026 quod
725 962 797 1004 eum
821 938 907 1002 nasci
934 937 1068 1021 contigit
1095 938 1292 1023 temporibus

339 1042 414 1107 vitae
441 1054 516 1107 ture.
563 1041 663 1125 Spero
691 1039 808 1104 etenim
834 1037 913 1111 fore,
941 1049 979 1101 ut
1005 1037 1161 1102 educatus
1186 1036 1293 1101 erudi-

341 1156 458 1227 tusque
473 1166 493 1206 a
507 1154 550 1219 te,
563 1141 681 1224 dignus
695 1139 812 1202 existat
827 1150 859 1201 et
875 1137 979 1213 nohis,
990 1150 1021 1202 et
1037 1159 1142 1201 rerum
1158 1139 1292 1202 istarum

343 1244 553 1328 susceptione.
599 1246 761 1307 Romanoa
783 1244 995 1323 Imperatores
1010 1252 1065 1303 aut
1082 1243 1200 1317 Duces,
1215 1240 1291 1306 dum

343 1364 454 1407 eorum
476 1341 656 1426 respublica
676 1339 789 1423 viguit,
804 1338 971 1403 illiteratos
986 1340 1129 1402 extitisse
1144 1361 1206 1402 non
1230 1363 1295 1403 me·

343 1444 431 1509 mini.
476 1445 522 1507 Et
538 1442 642 1508 nescio
665 1440 825 1527 quomodo
845 1440 992 1522 contigit,
1006 1440 1093 1524 quod
1115 1464 1155 1503 ex
1172 1464 1238 1526 quo
1260 1443 1293 1504 in

343 1545 541 1631 principibus
562 1546 665 1609 virtus
684 1542 809 1627 languit
830 1542 1005 1622 literarum,
1019 1556 1149 1607 armatae
1165 1566 1295 1628 quoque

344 1646 468 1711 militiae
497 1646 656 1710 infirmata
684 1657 732 1708 est
762 1666 885 1721 manus,
910 1655 943 1707 et
968 1643 1069 1728 ipsius
1097 1644 1295 1729 principatus

345 1748 436 1832 quasi
451 1747 580 1832 praecisa
591 1745 693 1833 radix.
727 1748 795 1809 Nec
807 1744 1041 1829 mirum‚quum
1054 1744 1120 1809 sine
1131 1746 1297 1832 sapientia,

346 1848 457 1911 nullus
479 1860 573 1925 stare,
594 1858 651 1910 aut
673 1869 739 1910 esse
761 1846 865 1910 valeat
886 1846 1092 1932 principatus.
1137 1849 1220 1926 Quia
1245 1872 1297 1914 sa-

346 1949 467 2035 pientia
482 1949 544 2012 Dei
560 1948 655 2024 dixit,
672 1948 747 2013 Sine
762 1970 812 2011 me
832 1947 911 2011 nihil
932 1949 1065 2033 potestis
1079 1950 1193 2014 facere.
1241 1953 1296 2014 So-

345 2064 447 2117 crates
467 2050 624 2137 Apollinis
638 2049 767 2114 oraculo
785 2049 1035 2135 sapientissimus
1051 2051 1217 2135 judicatus
1237 2066 1294 2133 est,

345 2153 450 2239 etqui
466 2151 532 2217 sine
550 2151 798 2217 contradictione
817 2163 938 2236 septem
956 2151 1039 2228 illos,
1055 2153 1112 2237 qui
1128 2151 1207 2216 dicti
1222 2168 1296 2217 suut

345 2254 511 2340 sapientes,
526 2252 817 2340 incomparabiliter
829 2252 1006 2328 antecessit,
1021 2275 1085 2317 non
1100 2253 1132 2316 in
1148 2254 1296 2339 opinione

347 2357 519 2443 sapientiae,
539 2357 593 2420 sed
611 2360 742 2434 virtute,
764 2368 842 2419 tunc
864 2354 992 2418 demum
1013 2356 1208 2441 respublicas
1227 2358 1295 2420 fore

346 2458 455 2523 beatas
477 2458 624 2535 asseruit,
647 2458 674 2521 si
696 2480 748 2519 eas
771 2456 952 2541 philosophi
974 2469 1131 2540 regerent,
1152 2472 1207 2522 aut
1231 2481 1297 2522 rec-

346 2572 429 2622 tores
444 2581 553 2622 earum
570 2556 698 2621 studere
714 2556 878 2640 sapientiae
892 2556 1087 2640 contigisset.
1132 2558 1178 2621 Et
1193 2561 1219 2621 si
1234 2558 1293 2622 tibi

346 2662 488 2726 Socratis
511 2659 638 2722 videtur
664 2658 894 2722 contemnenda
919 2658 1109 2721 auctoritas:
1148 2661 1211 2723 Per
1236 2682 1297 2739 me,

346 2761 452 2846 inquit
475 2760 639 2845 sapientia,
661 2783 751 2844 reges
770 2771 915 2843 regnant,
936 2771 968 2823 et
990 2759 1169 2824 conditores
1189 2760 1296 2847 legum

343 2861 433 2947 justa
448 2861 631 2926 decernunt.
675 2866 737 2926 Per
759 2885 809 2927 me
830 2861 991 2947 principes
1010 2864 1179 2946 imperant,
1195 2875 1227 2926 et
1242 2885 1297 2947 po-

347 2977 450 3027 tentes
461 2964 634 3029 decernunt
645 2963 817 3050 justitiam.
855 2966 929 3048 Ego
943 2963 1110 3047 diligentes
1122 2987 1171 3028 me
1186 2947 1297 3050 diligo,

347 3077 379 3128 et
396 3063 452 3149 qui
468 3087 559 3128 mane
581 3065 782 3150 vigilaverint
803 3065 843 3129 ad
863 3087 924 3144 me,
939 3064 1098 3129 invenient
1120 3088 1179 3129 me.
1225 3068 1297 3131 Me·

348 3189 420 3231 cnm
445 3180 518 3232 sunt
533 3163 655 3232 divitiae
670 3180 703 3233 et
725 3169 839 3253 gloria,
855 3188 933 3252 opes
949 3167 1094 3251 superbae
1109 3179 1142 3230 et
1159 3167 1296 3252 justitia.

350 3268 468 3332 Melior
493 3282 541 3333 est
571 3268 697 3333 fructus
722 3292 812 3334 meus
837 3291 928 3345 auro,
955 3280 986 3332 et
1012 3267 1118 3353 lapide
1148 3270 1297 3353 pretioso,

348 3370 509 3455 genimina
531 3393 600 3436 mea
622 3383 755 3457 argento
777 3370 888 3436 electo.
934 3370 971 3433 ln
996 3370 1055 3434 viis
1074 3370 1211 3455 justitiae
1232 3395 1298 3436 am·

349 3472 436 3548 bulo,
452 3476 484 3537 in
499 3473 604 3537 medio
619 3473 802 3538 semitarum
818 3472 948 3558 judicii,
965 3486 1002 3537 ut
1016 3473 1115 3537 ditem
1131 3472 1299 3558 diligentes
1361 3539 1364 3545 ,

350 3597 411 3651 me,
427 3590 459 3640 et
475 3575 639 3639 thesauros
658 3598 767 3640 eorum
788 3575 936 3659 repleam.
982 3576 1086 3640 Item:
1124 3580 1235 3642 Meum
1250 3589 1298 3642 est
1345 3640 1354 3649 ,

350 3676 516 3741 consilium
544 3690 577 3741 et
603 3677 750 3760 aequitas,
776 3698 846 3739 mea
872 3688 920 3739 est
945 3677 1128 3760 prudentia,
1155 3701 1226 3743 mea
1250 3692 1298 3744 est

350 3779 520 3845 fortitudo.
558 3782 603 3845 Et
619 3778 710 3844 alibi:
736 3779 883 3863 Accipite
898 3777 1108 3864 disciplinam,
1123 3794 1156 3845 et
1169 3802 1231 3845 non
1247 3805 1301 3868 pe-

349 3881 486 3960 cuniam,
497 3880 673 3946 doctrinam
686 3880 892 3964 magisquam
908 3902 1022 3945 aurum
1037 3882 1156 3967 eligite.
1181 3884 1298 3947 Melior

351 3995 398 4045 est
428 3983 511 4045 enim
538 3982 692 4067 sapientia
711 3981 834 4046 cunctis
861 3982 977 4067 opibus
1002 3982 1244 4068 pretiosissimis,
1268 3996 1300 4049 et

352 4106 445 4146 omne
467 4083 675 4148 desiderabile
697 4086 727 4147 ei
748 4104 811 4145 non
834 4096 940 4168 potest
961 4085 1146 4169 comparari.
1192 4087 1299 4162 Quum

352 4183 487 4263 gentiles
497 4183 574 4247 nihil
587 4185 652 4249 sine
663 4198 746 4250 nutu
757 4185 924 4248 numinum
936 4184 1098 4249 crederent
1109 4186 1302 4266 faciendum,

353 4302 454 4345 unum
472 4294 576 4346 tamen
597 4285 687 4368 quasi
710 4289 814 4350 Deum
836 4285 980 4362 deorum,
1000 4300 1031 4348 et
1051 4284 1191 4348 omnium
1215 4288 1301 4370 prin-
