3384 5234
457 728 520 788 282
723 737 858 783 roauurs
875 735 1153 780 sanassaruausu
1285 720 1368 800 [ars.
1383 740 1413 784 v.

459 906 540 967 tum,
558 905 589 956 et
602 888 796 955 Plutarchus
811 888 842 950 in
859 900 971 949 octavo
987 887 1236 952 memorabilium
1254 888 1353 954 dicit:
1380 890 1414 952 Si

458 1016 555 1081 super
566 994 692 1079 palmae,
704 988 992 1075 inquiunt,arboris
1001 988 1135 1074 lignum,
1146 1012 1261 1075 magna
1273 991 1414 1076 pondera

459 1094 615 1178 imponas,
645 1114 681 1155 ac
708 1102 832 1154 tantum
863 1089 1002 1174 graviter
1030 1112 1153 1174 urgeas,
1181 1104 1212 1155 et
1236 1114 1356 1171 oneres,
1380 1105 1416 1156 ut

460 1193 650 1279 magnitudo
661 1191 764 1255 oneris
774 1190 923 1256 sustineri
934 1203 1083 1275 nequeat,
1093 1193 1414 1267 nondeorsumcedit,

462 1318 519 1359 nec
535 1294 566 1358 in
584 1307 698 1359 terram
715 1291 868 1368 flectitur,
884 1291 937 1355 sed
959 1292 1111 1357 adversus
1126 1294 1252 1379 pondus
1268 1296 1417 1379 resurgit,

462 1409 493 1461 et
509 1418 634 1460 sursum
651 1398 774 1469 nititur,
799 1407 1061 1480 recurvaturque.
1110 1396 1294 1480 Propterea,
1309 1396 1417 1483 inquit

465 1499 670 1574 Plutarchus,
686 1496 807 1582 placuit
830 1496 967 1581 palmam
991 1497 1116 1582 signum
1141 1516 1211 1560 esse
1229 1498 1370 1562 victoriae
1385 1502 1418 1563 in

464 1599 700 1674 certaminibus,
716 1598 867 1684 quoniam
884 1597 962 1682 ligni
978 1598 1141 1683 ingenium
1160 1598 1344 1684 hujusmodi
1360 1614 1420 1680 est,

466 1717 502 1768 ut
519 1701 709 1785 urgentibus
728 1699 1048 1785 opprimentibusque
1070 1723 1131 1763 non
1152 1700 1254 1764 cedat.
1301 1703 1421 1765 Fertur

465 1806 541 1870 item
557 1802 646 1890 quod
657 1825 764 1866 ramus
779 1801 983 1887 ejuspalmae,
996 1824 1069 1886 quae
1084 1802 1326 1866 Graecedicitur
1337 1804 1422 1867 basi·

375 1971 379 1978 ,
465 1906 558 1981 leros,
577 1905 669 1969 avelli
693 1924 754 1966 non
778 1915 894 1989 potest,
917 1905 943 1966 si
966 1903 1112 1968 trahatur
1134 1904 1294 1979 deorsum,
1312 1906 1367 1969 sed
1393 1906 1418 1969 si

467 2028 589 2071 sursum
605 2004 764 2090 producas
779 2002 873 2067 cedit.
919 2006 1053 2068 Constat
1069 2018 1175 2069 autern
1194 2007 1270 2091 quia
1286 2020 1420 2071 truncus

467 2106 591 2190 palmae,
606 2104 655 2168 rel
671 2106 800 2191 stipesa
817 2104 922 2168 radice
938 2104 1148 2182 contrahitur,
1162 2108 1217 2171 sed
1232 2108 1265 2171 iu
1281 2110 1422 2193 superio-

467 2209 557 2272 ribus
579 2207 742 2271 dilatatur.
789 2209 886 2270 Secus
908 2220 1016 2272 autem
1040 2220 1088 2272 est
1109 2211 1142 2271 iu
1163 2210 1277 2294 quavis
1298 2211 1423 2292 arbore,
1517 2233 1519 2237 ·

467 2332 542 2395 quae
565 2319 655 2373 tanto
687 2309 787 2393 magis
810 2309 975 2393 turgescit,
999 2309 1087 2395 quod
1118 2310 1158 2373 ad
1182 2324 1297 2375 terram
1324 2312 1423 2398 stipes

468 2412 602 2475 vicinius
617 2410 748 2475 accedit.
796 2413 857 2475 Per
871 2416 1006 2497 palmam
1023 2436 1102 2498 ergo
1120 2413 1317 2497 significatur
1327 2415 1424 2500 justi-

468 2514 513 2579 tia
527 2513 725 2590 invincibilis,
743 2537 816 2599 quae
839 2514 1025 2578 descensum
1041 2537 1103 2579 non
1124 2515 1226 2591 novit,
1250 2515 1303 2579 sed
1320 2515 1422 2580 solum

469 2616 511 2681 ad
534 2616 697 2703 superiora
718 2638 911 2702 processum.
957 2617 1053 2682 Unde
1063 2617 1173 2703 justus
1194 2629 1230 2681 ut
1246 2617 1351 2703 palma
1365 2616 1422 2681 flo-

471 2718 563 2783 rebit.
586 2718 695 2784 Radix
708 2742 777 2782 mea
787 2733 898 2805 aperta
908 2732 956 2782 est
972 2742 1060 2784 secus
1071 2742 1181 2805 aquas,
1192 2720 1424 2806 scripturarum

469 2819 582 2905 utique
604 2831 636 2882 et
653 2818 821 2896 virtutum,
845 2818 1020 2904 dequibus
1042 2843 1149 2905 supra,
1165 2834 1196 2885 et
1219 2844 1282 2902 ros,
1305 2820 1424 2885 scilicet

468 2923 593 3005 gratias,
605 2920 781 2984 morabitur
791 2920 824 2983 in
836 2923 992 2984 messione
1003 2943 1082 2984 mea.
1107 2922 1254 3008 Intellige
1265 2922 1423 2986 bonorum

470 3042 614 3105 operum,
631 3040 766 3105 quorum
783 3019 962 3104 manipulos
976 3019 1083 3085 electis
1098 3034 1229 3108 reponet
1244 3024 1330 3110 apud
1344 3047 1377 3087 se
1392 3022 1425 3087 in

470 3121 526 3186 illa
547 3122 599 3185 die
616 3123 726 3207 justus
750 3122 864 3208 judex.
909 3122 1006 3187 Unde
1029 3125 1196 3209 sequitur:
1221 3125 1333 3191 Gloria
1354 3149 1427 3190 mea

472 3246 595 3310 semper
609 3224 825 3301 innovabitur,
840 3233 874 3287 et
888 3246 979 3289 arcus
994 3247 1084 3291 meus
1093 3227 1333 3307 instaurabitur,
1349 3228 1428 3315 quia

615 3358 667 3410 Est
678 3356 777 3426 aliquid
788 3374 838 3426 quo
850 3358 945 3424 tendit,
959 3365 986 3412 et
997 3360 1025 3412 in
1036 3378 1087 3429 quo
1099 3361 1189 3431 dirigit
1201 3381 1287 3417 arcum

469 3460 590 3547 justus,

626 3578 654 3631 N
656 3597 685 3631 ec
697 3579 794 3649 passim
806 3580 922 3648 sequitur
932 3597 1020 3635 corvos
1031 3587 1150 3653 testaque
1159 3586 1276 3656 lutoque.

476 3698 540 3775 Qui
555 3719 605 3759 me
619 3697 806 3776 audiebant,
817 3700 1030 3787 expectabant
1040 3704 1239 3778 sententiam,
1256 3706 1312 3766 &a
1336 3704 1428 3786 Saepe

474 3798 610 3878 dictum,
625 3801 810 3864 sententiam
827 3802 860 3865 in
877 3802 960 3866 bono
977 3824 1101 3887 semper
1119 3802 1334 3887 accipiendam
1349 3825 1427 3880 esse,

472 3903 570 3989 juxta
578 3899 660 3964 illud
672 3926 679 3965 :
704 3904 886 3989 Sapientior
900 3902 1026 3966 videtur
1036 3902 1095 3967 sibi
1111 3906 1202 3989 piger
1214 3916 1334 3989 septem
1351 3905 1428 3971 uiris

476 4003 681 4090 loquentibus
704 4008 887 4070 sententias.
932 4002 1039 4075 Audis
1054 4004 1087 4067 in
1109 4006 1251 4093 sapiente
1274 4018 1332 4071 tua
1353 4030 1430 4072 con·

475 4128 610 4172 currere.
649 4107 782 4183 Intenti,
794 4106 911 4191 inquit,
924 4105 1070 4173 tacebant
1079 4108 1120 4172 ad
1130 4108 1297 4174 consilium
1309 4131 1429 4189 meum,

476 4207 580 4272 verbis
605 4208 681 4271 meis
709 4206 789 4273 nihil
815 4206 933 4271 addere
959 4208 1132 4290 audebant,
1163 4211 1303 4277 stillabat
1333 4233 1430 4299 super

475 4335 529 4378 eos
541 4310 703 4396 eloquium
714 4332 829 4376 meum.
856 4312 919 4377 Res
930 4312 1031 4379 ardua
1042 4314 1199 4383 desiderat
1209 4315 1428 4393 attentionem,
