3384 5234
312 708 382 753 cae.
399 692 459 772 1v.]
656 705 911 754 nourouarrcos.
1206 694 1271 754 ⁶209

314 881 384 923 sum
411 858 511 934 dedit,
536 866 569 921 et
594 858 652 944 qui
678 859 815 922 animam
842 856 1045 942 glorificabit,
1070 870 1103 921 et
1129 880 1267 936 carnem,

314 963 481 1047 utriusque
506 959 633 1024 fidelem
662 960 785 1045 expetit
812 958 1012 1024 famulatum.
1073 961 1114 1023 Se
1138 982 1269 1045 quoque

314 1061 415 1127 voluit
430 1061 525 1127 etiam
541 1060 747 1147 corporaliter
761 1058 920 1135 honorari,
934 1071 970 1122 ut
985 1059 1155 1144 quantavis
1169 1060 1268 1126 tardi·
1377 1057 1379 1061 ’

315 1176 363 1228 tas
385 1162 594 1239 infidelitatis,
618 1174 676 1228 aut
702 1160 918 1248 negligentiae,
943 1160 1176 1227 excusationem
1203 1185 1267 1227 nou

314 1266 441 1332 habeat.

314 1627 394 1712 Cap.
412 1635 442 1691 4.
464 1629 515 1691 De
530 1627 707 1691 reverentia
719 1644 948 1708 personarum,
963 1631 995 1689 et
1015 1646 1136 1706 rerum,
1150 1633 1181 1691 et
1194 1636 1269 1709 quot

533 1726 636 1787 ntodr'a
646 1743 786 1806 persono
800 1724 843 1785 sit
856 1722 1055 1786 uenerabilis.

360 1878 584 1943 annunurrs
598 1899 673 1962 ergo
688 1899 763 1962 quae
776 1875 982 1962 corporaliter
996 1876 1203 1964 impenditur,
1211 1888 1269 1942 aut

315 1979 346 2043 in
362 1982 505 2066 personis
519 1979 672 2056 consistit,
689 1991 747 2056 aut
766 1978 798 2042 in
813 1978 922 2045 rebus.
967 1982 1178 2045 Personarum
1194 1997 1270 2045 vero

315 2083 398 2147 ratio
418 2081 554 2148 habetur
568 2094 626 2146 aut
641 2094 800 2162 enatura,
815 2093 872 2147 aut
887 2082 928 2147 ab
942 2082 1055 2160 officio,
1071 2095 1128 2147 aut
1143 2105 1163 2147 a
1176 2082 1272 2147 mori-

315 2184 388 2261 bus,
403 2196 460 2250 aut
474 2206 494 2247 a
508 2183 699 2265 conditione,
713 2196 768 2250 aut
783 2206 803 2248 a
816 2183 955 2251 fortuna
986 2189 1111 2251 Natura
1124 2196 1272 2271 parentes

316 2308 503 2350 veneramur
526 2297 558 2351 et
580 2285 705 2367 liberos,
727 2298 760 2351 et
781 2308 864 2371 quos
885 2287 977 2352 nobis
997 2310 1072 2352 caro
1091 2287 1271 2374 conjunxit,

317 2400 436 2475 utputa
459 2410 602 2464 uxorem,
625 2398 787 2471 cognatos,
809 2398 841 2449 et
865 2385 982 2450 affines.
1027 2387 1125 2451 Unde
1146 2400 1178 2452 et
1196 2410 1273 2473 gen-

317 2488 397 2556 tium
417 2491 492 2575 jure
514 2500 678 2573 receptum
699 2499 759 2566 est,
781 2507 818 2549 eo
841 2486 930 2570 quod
953 2509 1103 2573 peraeque
1124 2489 1161 2552 fit
1183 2489 1272 2574 apud

317 2613 427 2655 omnes
441 2603 562 2675 gentes.
608 2588 663 2651 Ad
685 2587 747 2650 hoc
764 2586 862 2650 etiam
884 2585 994 2652 divino
1010 2587 1086 2671 jure
1108 2608 1273 2669 urgemur,

316 2693 375 2774 qui
404 2690 557 2774 scriptum
592 2686 756 2750 novimus:
796 2686 930 2749 Honora
962 2698 1085 2773 patrem
1116 2698 1210 2752 tuum
1239 2699 1272 2753 et

317 2801 461 2865 matrem,
479 2802 515 2854 ut
536 2788 578 2852 sis
593 2787 757 2872 longaevus
777 2800 1028 2874 superterram:
1058 2801 1090 2855 et
1114 2788 1171 2875 qui
1186 2788 1271 2876 patri

318 2891 367 2956 vel
383 2889 478 2955 matri
498 2888 707 2969 maledixerit,
722 2901 824 2953 morte
843 2891 1010 2956 morietur.
1054 2891 1189 2955 Liberos
1207 2912 1271 2954 non

319 2991 455 3056 multum
469 2992 612 3076 oportuit
632 2988 858 3066 commendari,
871 3013 909 3053 eo
924 2989 1012 3075 quod
1032 3013 1127 3055 nemo
1146 3013 1273 3056 carnem

318 3116 407 3157 suam
430 3092 504 3157 odio
523 3090 648 3156 habuit.
694 3091 756 3155 Sed
777 3113 835 3156 nec
858 3112 999 3168 uxorem,
1021 3105 1273 3179 propterquam

318 3195 413 3259 homo
434 3205 557 3280 patrem
584 3191 736 3277 relinquit
762 3205 793 3257 et
818 3205 963 3273 matrem,
985 3192 1152 3259 adhaerens
1179 3194 1272 3259 uxori

318 3321 396 3375 suae,
412 3309 448 3361 ut
468 3295 531 3360 sint
551 3295 617 3360 duo
638 3297 670 3358 in
694 3314 788 3360 carne
813 3316 888 3361 una.
933 3298 1009 3360 Non
1031 3308 1136 3362 tamen
1158 3297 1191 3360 in
1213 3295 1274 3361 hac

317 3408 409 3484 parte
418 3396 536 3460 divinae
547 3395 627 3481 legis
643 3393 927 3475 mandatadesuut,
936 3396 995 3462 etsi
1007 3410 1138 3484 propter
1148 3409 1273 3463 naturae

319 3497 496 3578 stimulum,
511 3496 567 3583 qui
590 3499 666 3561 satis
689 3509 794 3582 urget,
811 3496 914 3561 rarius
935 3501 1130 3577 inserantur,
1145 3511 1274 3585 proten·

317 3600 441 3664 duntur
469 3610 574 3663 tamen
601 3598 641 3661 ad
668 3611 819 3681 cognatos
845 3613 878 3664 et
903 3604 1025 3679 affines,
1051 3624 1131 3687 quos
1156 3622 1216 3688 per
1240 3624 1274 3666 se

316 3714 431 3768 natura
445 3701 655 3765 commendat.
702 3699 850 3765 Officium
869 3723 945 3765 vero
965 3714 1013 3766 est
1035 3702 1180 3768 debitum
1200 3726 1273 3768 exe·

317 3801 438 3887 quendi
468 3825 543 3887 quae
572 3800 744 3885 unicuique
773 3824 812 3865 ex
844 3801 1012 3884 institutis,
1041 3816 1096 3869 aut
1132 3804 1275 3869 moribus

317 3904 440 3990 agenda
455 3917 540 3970 sunt.
573 3909 625 3971 Ex
641 3927 679 3969 eo
693 3926 832 3991 namque
847 3908 989 3993 personis
1005 3906 1139 3992 singulis
1153 3906 1274 3992 proprii

318 4019 500 4093 congruunt
515 4019 614 4073 actus.
659 4008 699 4071 In
714 4007 763 4071 his
778 4019 884 4072 autem
900 4029 975 4093 quae
990 4005 1034 4071 sic
1049 4007 1173 4093 agenda
1187 4018 1274 4083 sunt,

318 4107 380 4172 alia
403 4107 444 4171 ad
468 4108 649 4193 publicum,
674 4108 737 4172 alia
759 4108 800 4171 ad
823 4130 915 4173 suum
937 4109 1093 4193 cujusque
1115 4108 1273 4195 pertinent

321 4221 451 4274 statum.
496 4211 549 4274 Ex
566 4234 629 4296 quo
651 4208 753 4295 liquet
767 4208 940 4274 officiorum
963 4208 1112 4295 quaedam
1135 4209 1274 4294 publico,

319 4309 464 4394 quaedam
481 4310 606 4395 privata
624 4310 847 4375 convenienter
867 4309 938 4373 dici.
986 4309 1184 4375 Privatorum
1200 4331 1276 4372 vero
