3384 5234
395 663 455 727 Μ
664 677 802 721 toasxrs
816 673 1095 720 armamaxas
1206 657 1291 736 [ua
1308 675 1345 719 m

395 826 751 893 necsideribusrerum
770 825 1122 912 pollicentureffectna,
1142 847 1274 888 neceas
1292 848 1350 889 ne·

394 926 840 1013 oedmdlegedispnsitionir
851 926 1350 1013 mungunaaedquinenrurae

396 1042 484 1105 arnt,
497 1030 658 1115 certisque
671 1028 925 1115 pronunciantur
945 1030 1085 1106 indicia,
1098 1028 1273 1113 pradiceoe
1284 1050 1351 1091 noa

395 1143 558 1198 verentur.
618 1131 681 1195 Sed
710 1132 737 1195 si
764 1131 949 1194 futurorum
978 1144 1085 1217 potest
1111 1130 1193 1193 ordo
1220 1129 1350 1206 mutari,

396 1234 600 1295 temerarium
614 1245 662 1296 est
675 1255 742 1296 rem
757 1232 806 1295 sui
820 1245 939 1294 natura
947 1232 1111 1310 incertam,
1120 1244 1209 1295 certo
1216 1230 1352 1293 diffinire

392 1332 528 1420 judicio.
570 1335 627 1398 Sin
641 1348 749 1399 autem
764 1333 882 1397 mutari
904 1356 968 1397 non
990 1347 1107 1419 potest.
1121 1332 1199 1418 quid
1220 1332 1351 1417 prodest

396 1447 487 1501 tanta
500 1435 685 1501 curiositate
699 1436 846 1515 scrutari,
860 1436 949 1520 quod
963 1436 1054 1500 nulla
1067 1450 1173 1521 potest
1183 1432 1351 1518 diligentia

397 1536 575 1602 declinari?
598 1538 663 1604 Sed
677 1540 762 1603 sorte
775 1537 834 1601 etsi
850 1538 944 1601 aliter
958 1562 1026 1603 esse
1040 1538 1152 1623 possit,
1168 1558 1219 1600 res
1232 1537 1353 1599 incerta

398 1660 462 1703 non
476 1653 537 1717 est,
552 1640 827 1725 temeritatemque
843 1640 958 1724 judicii
974 1653 1106 1703 excusat
1128 1639 1210 1701 ratio
1222 1636 1352 1701 indubi-

398 1750 468 1805 tata
488 1740 663 1825 signorum.
708 1740 800 1803 Licet
827 1738 910 1801 enim
934 1742 978 1803 sit
998 1738 1151 1823 possibile
1173 1760 1238 1800 rem
1260 1736 1353 1800 aliter

398 1861 477 1914 esse,
493 1862 563 1903 eam
575 1852 681 1904 tamen
692 1839 739 1904 ita
752 1838 896 1902 suturam
908 1861 986 1914 esse,
995 1838 1164 1901 manifesta
1174 1838 1263 1922 signa
1272 1858 1353 1919 prae·

398 1944 562 2006 nunciant.
617 1941 685 2002 Nec
714 1961 796 2014 mea,
823 1938 932 2024 inquit
960 1953 1120 2002 astrorum
1152 1939 1352 2013 secretarius,

398 2042 540 2117 interest,
555 2060 595 2101 an
611 2039 705 2101 aliter
721 2059 787 2099 esse
807 2038 922 2119 possit,
942 2038 1020 2100 dum
1038 2038 1071 2100 id
1092 2036 1219 2120 dequo
1232 2038 1352 2120 agitur,

399 2146 445 2207 ita
458 2138 603 2201 futurum
620 2159 689 2200 esse
704 2158 766 2198 non
782 2136 937 2201 dubitem,
985 2137 1048 2199 Sed
1059 2159 1206 2221 quaeuam
1221 2150 1268 2199 est
1284 2137 1353 2199 baec

398 2235 559 2305 certitudo
579 2239 768 2320 signorum?
799 2235 925 2320 Nempe
947 2257 1054 2299 rerum
1084 2234 1275 2320 plerumque
1296 2259 1353 2300 ex·

401 2337 614 2426 perimentum
643 2334 753 2411 fallax,
786 2335 948 2420 judicium
977 2335 1116 2409 difficile,
1145 2336 1354 2423 ipsorumque

401 2440 561 2523 signorum
584 2436 673 2501 varia
694 2450 742 2501 est
763 2451 795 2501 et
818 2437 986 2523 multiplex
1008 2438 1206 2521 significatio.
1255 2440 1356 2505 Porro

400 2540 538 2607 varietas
558 2541 805 2627 ambiguitatem
834 2540 981 2606 inducit:
1011 2541 1043 2603 in
1066 2540 1226 2625 ambiguis
1246 2556 1355 2605 autem

400 2644 504 2711 omnis
524 2642 672 2709 diffinitio
693 2643 872 2730 periculosa
885 2655 943 2709 est.
990 2642 1052 2707 Sed
1072 2655 1141 2706 esto
1161 2641 1250 2727 quod
1265 2642 1356 2727 signa

401 2745 574 2813 uniformia
595 2745 670 2823 sint,
693 2745 780 2819 uude
800 2745 857 2809 illa
880 2769 943 2810 uua
966 2745 1154 2831 significatio
1174 2746 1357 2825 innotescit,

401 2862 459 2914 aut
474 2846 554 2935 quid
569 2846 717 2934 perhibet
731 2869 801 2910 eam
816 2868 887 2909 esse
904 2846 1039 2911 salsam?
1063 2850 1201 2925 Natura,
1224 2847 1357 2932 inquis?

404 2951 505 3016 lllane
520 2969 595 3037 quae
609 2949 642 3013 in
656 2950 765 3027 rebus,
780 2971 819 3013 an
843 2972 919 3035 quoe
932 2949 966 3012 in
977 2949 1088 3011 diviua
1098 2948 1269 3024 voluntati,
1285 2971 1359 3013 cou-

402 3051 512 3119 sistit?
535 3052 648 3135 Porro,
661 3052 780 3117 divinae
802 3075 866 3117 non
888 3050 1046 3137 obloquor
1068 3050 1239 3127 voluntati,
1257 3054 1358 3115 sciens

402 3158 480 3242 quia
508 3154 625 3243 omnia,
655 3176 869 3240 quaecumque
898 3154 1013 3231 voluit,
1042 3154 1129 3217 fecit.
1174 3153 1208 3218 Si
1234 3176 1272 3217 ea
1300 3153 1358 3218 tibi

402 3258 555 3338 innotuit,
566 3257 646 3321 bene
662 3270 720 3322 est.
764 3260 860 3322 Potes
875 3256 988 3342 utique
1002 3255 1036 3319 iu
1048 3254 1168 3319 lumine
1182 3255 1238 3320 illo
1251 3256 1359 3320 videre

404 3359 522 3440 lumen,
537 3372 569 3423 et
585 3379 661 3419 vera
680 3356 863 3420 indubitata
883 3355 924 3419 de
939 3357 1021 3420 libro
1041 3358 1195 3442 proferre,
1217 3358 1273 3443 qui
1288 3358 1358 3422 aliis

404 3462 557 3546 signatus,
571 3456 840 3541 tibiapertusest,
855 3455 888 3518 in
903 3480 969 3544 quo
985 3473 1059 3523 sunt
1069 3482 1179 3526 omnes
1194 3462 1357 3548 sapientia

404 3575 436 3626 et
452 3559 590 3625 scientiae
607 3558 747 3622 thesauri
768 3558 958 3636 absconditi,
980 3584 1076 3647 quem
1099 3565 1217 3628 nemini
1237 3566 1359 3650 aperire

403 3662 527 3729 licitum
550 3682 616 3725 esse
638 3660 812 3736 audieram,
835 3660 894 3724 nisi
917 3685 1000 3747 agno
1023 3664 1079 3747 qui
1102 3666 1225 3729 occisus
1247 3679 1305 3745 est,
1326 3678 1359 3730 ct

405 3774 538 3827 mortem
560 3761 681 3825 virtute
701 3762 831 3848 propria
852 3765 1021 3828 interemit.
1067 3765 1142 3829 Noli
1156 3765 1271 3829 amodo
1284 3787 1359 3828 cum

405 3862 561 3951 Apostolo
583 3862 691 3926 mirari
714 3864 915 3928 altitudinem
939 3864 1121 3930 divitiarum
1144 3865 1306 3950 sapientiae
1326 3879 1359 3931 et

407 3963 546 4030 scientiae
561 3963 635 4045 Dei,
650 3986 748 4050 quum
767 3965 825 4030 tibi
843 3966 1136 4051 comprehensibilia
1156 3966 1218 4031 sint
1234 3966 1359 4053 judicia

405 4070 485 4155 ejus,
514 4079 547 4131 et
577 4079 733 4132 astrorum
766 4068 887 4132 ducatu
918 4066 1176 4155 pervestigabiles
1206 4067 1254 4130 vis
1278 4069 1359 4153 ejus,

405 4169 529 4257 tibique
552 4168 705 4234 vadabilis
727 4168 768 4234 sit
785 4168 980 4254 judiciorum
1002 4169 1071 4255 ejus
1092 4168 1226 4252 abyssus
1247 4168 1360 4232 multa.

407 4273 441 4340 Si
458 4272 498 4339 de
513 4295 550 4339 ea
564 4284 678 4339 natura
693 4272 802 4338 niteris
816 4296 891 4359 quae
906 4274 937 4337 in
953 4272 1059 4347 rebus,
1075 4270 1108 4335 id
1124 4283 1183 4347 est,
1200 4271 1362 4359 frequenti
