3384 5234
413 693 454 751 26
670 705 809 750 scaurus
824 704 1102 751 saansaaarnnsrs
1238 690 1319 771 [nra.
1335 709 1358 755 r.

411 858 484 923 dem
498 858 600 922 calice
623 877 718 921 aureo
737 861 917 923 universam
938 880 1065 923 carnem
1087 859 1234 936 inebriat,
1251 874 1284 924 et
1305 860 1362 924 ad-

411 980 520 1024 versus
542 960 756 1033 Hierusalem,
772 981 845 1043 qnae
861 982 985 1025 sursum
1008 969 1067 1038 est,
1081 970 1185 1025 castra
1206 963 1363 1027 eonstruit

411 1060 624 1147 proculdubio
633 1063 782 1145 peritura,
791 1063 909 1145 quibus
919 1063 1064 1147 quisquis
1071 1063 1215 1127 militiam
1224 1074 1367 1146 praestat,

413 1176 567 1248 perpetua
590 1174 774 1227 sanctorum
802 1164 1029 1228 maledictione
1054 1162 1229 1228 damnatur.
1273 1166 1364 1229 Esau

412 1287 542 1351 quoque
557 1265 760 1329 venationem
776 1268 930 1346 exercuit,
944 1278 977 1330 et
991 1265 1213 1331 benedictione
1232 1280 1366 1349 paterna

412 1369 527 1431 meruit
540 1365 730 1431 defraudari.
749 1411 757 1425 .
776 1366 817 1432 In
832 1369 920 1433 silvis
934 1369 1066 1451 collegit
1087 1368 1234 1446 esuriem,
1248 1380 1284 1431 ut
1304 1368 1364 1430 im·

413 1468 578 1533 moderato
610 1479 690 1533 aestu
718 1471 904 1534 lenticulam
935 1471 1181 1555 concupiscens,
1209 1490 1366 1554 praeroga-

414 1572 511 1635 tivam
532 1571 820 1655 primogenitorum
845 1573 965 1654 exiguo
989 1572 1100 1654 precio
1122 1582 1155 1635 et
1176 1571 1232 1634 vili
1254 1568 1365 1634 distra-

414 1674 522 1737 heret:
552 1683 584 1736 et
599 1672 715 1756 jugum
730 1673 891 1735 servitutis
909 1673 1118 1736 haereditariae
1141 1674 1314 1737 transmisit
1333 1673 1367 1734 in

415 1785 570 1858 posteros,
586 1782 621 1835 ut
642 1772 757 1835 ditioni
771 1772 912 1849 minoris,
928 1773 984 1856 qui
1006 1772 1093 1834 domi
1115 1772 1265 1853 degebat,
1282 1775 1367 1836 colla

416 1884 644 1960 supponerent.
689 1873 925 1937 Fruticantibus
949 1872 1024 1955 pilis
1045 1873 1222 1936 horrebant
1244 1895 1370 1951 manus,

416 1997 476 2041 nec
491 1977 577 2038 enim
592 1976 674 2039 lenis
693 1996 763 2039 esse
786 1984 912 2058 poterat
927 1982 1023 2051 tactu,
1038 1973 1190 2036 silvestris
1212 1976 1366 2049 moribus,

315 2142 320 2150 ,
416 2076 602 2158 cultumque
617 2075 713 2140 vestis
730 2073 893 2160 praeciosae
914 2073 1002 2138 (lomi
1015 2071 1199 2157 reliquerat,
1215 2071 1269 2156 qni
1289 2075 1369 2136 assi·

417 2175 481 2239 duo
504 2183 620 2239 venatu
639 2177 764 2239 virtutis
787 2175 949 2260 abjecerat
971 2173 1201 2239 indumentum.
1246 2176 1370 2238 Frater·

416 2298 494 2341 num
510 2278 696 2359 sanguinem
712 2279 849 2354 sitiebat,
860 2287 893 2342 et
907 2298 941 2340 se
956 2278 997 2342 ab
1013 2297 1062 2355 eo,
1075 2298 1173 2361 quem
1187 2277 1250 2341 sibi
1263 2276 1372 2341 divina

418 2379 519 2461 gratia
546 2378 587 2442 de
616 2388 750 2460 patema
778 2376 1006 2442 benedictione
1033 2379 1201 2460 praelatum
1230 2388 1372 2456 noverat,

418 2481 563 2564 placatus
593 2493 665 2544 ante
696 2480 894 2559 muneribus,
920 2502 984 2543 non
1015 2490 1063 2544 est
1092 2482 1210 2544 veritus
1239 2466 1372 2545 adorari.

418 2584 611 2647 Venationis
631 2584 723 2647 aeriae
748 2594 910 2646 auctorem
934 2584 1085 2669 jactitant
1109 2583 1210 2646 fuisse
1237 2584 1373 2646 Macha-

417 2686 527 2764 beum,
541 2685 597 2769 qui
618 2684 793 2771 majoribus
816 2694 1004 2768 occupatus,
1019 2682 1116 2765 hujus
1136 2682 1320 2766 voluptatis,
1335 2692 1371 2744 ut

419 2786 569 2867 creditur,
594 2788 690 2850 vitam
721 2785 813 2849 duxit
840 2796 995 2849 exortem.
1047 2784 1188 2864 Egregie
1215 2781 1373 2866 siquidem

420 2889 507 2951 bella
521 2889 629 2970 gessit,
638 2889 785 2951 fratribus
800 2888 941 2951 restituit
953 2886 1145 2959 libertatern,
1156 2886 1246 2967 leges
1262 2884 1374 2963 erexit,

421 2992 618 3055 ceremonias
633 2989 805 3068 innovavit,
817 2989 983 3053 mundarit
993 2996 1116 3061 sancta,
1129 2988 1240 3071 templi
1251 2988 1375 3064 faciem,

421 3090 508 3154 unde
545 3091 609 3156 sibi
646 3092 799 3157 credebat
829 3091 1013 3175 provenisse
1043 3089 1221 3168 victoriam,
1250 3087 1377 3152 coronis

422 3195 526 3256 aureis
540 3193 712 3270 decoravit,
727 3195 899 3276 nullosque
916 3193 1003 3255 illius
1019 3192 1052 3253 in
1068 3203 1162 3255 actus
1177 3191 1339 3274 surrepsit,

594 3312 851 3377 *partemque
862 3306 925 3358 tulit
936 3307 987 3357 eibi
997 3308 1060 3356 nata
1071 3304 1198 3375 voluptas.

422 3404 586 3465 Postremo
606 3422 664 3484 pro
679 3403 781 3463 salute
797 3402 926 3463 fratrum
950 3402 1039 3462 susus
1062 3399 1096 3460 in
1112 3402 1192 3477 acie,
1208 3421 1375 3479 germanos

421 3490 554 3583 legitimi
583 3502 661 3564 belli
698 3500 827 3583 reliquit
856 3500 1000 3563 heredes.
1060 3498 1117 3561 Ab
1147 3509 1241 3563 aetate
1274 3502 1376 3581 prima
1454 3545 1455 3549 ,

421 3603 474 3666 cui
495 3602 628 3665 rationis
647 3604 751 3684 legem
767 3613 881 3666 natura
901 3601 1148 3686 praescripserat,
1163 3603 1289 3684 inspice
1314 3600 1374 3665 Pa·

422 3694 585 3783 triarchas,
595 3703 858 3787 datalegetransi
868 3703 1029 3779 adduces,
1039 3704 1179 3787 procede
1189 3703 1376 3787 adjudices,

421 3806 463 3870 ad
489 3828 580 3889 reges
601 3806 806 3890 progredere,
827 3827 977 3890 percurre
1001 3804 1115 3868 seriem
1139 3805 1377 3889 prophetarum,

423 3904 528 3969 fidelis
550 3907 662 3990 populi
684 3906 791 3969 officia
816 3915 849 3968 et
874 3904 981 3968 studia
1005 3913 1211 3988 perscrutare,
1235 3924 1318 3986 quos
1343 3903 1376 3964 in

422 4007 504 4071 serie
527 4008 640 4071 veteris
660 4007 862 4070 instrumenti
881 4006 962 4088 legis
977 4004 1161 4068 exercuisse
1176 4003 1375 4067 venaticam?

424 4109 550 4192 Nempe
571 4109 743 4181 Idumaeos,
762 4118 796 4170 et
819 4106 1008 4184 ismaelitas,
1032 4117 1065 4169 et
1082 4115 1193 4187 gentes
1215 4125 1287 4188 quae
1307 4106 1374 4168 Do·

419 4211 547 4274 minum
568 4210 770 4274 nesciebant·
811 4208 879 4271 Ubi
901 4215 975 4270 sunt
995 4207 1111 4292 (inquit
1130 4206 1302 4288 Propheta,
1323 4219 1379 4267 aot

425 4315 452 4377 si
475 4314 586 4392 mavis,
606 4311 680 4376 dum
704 4320 810 4376 tamen
833 4310 867 4373 in
889 4308 1013 4392 spiritu,
1035 4308 1179 4372 notarius
1200 4307 1377 4390 prophetae)
