3384 5234
416 699 480 759 284
690 706 826 752 voaruus
841 704 1120 750 sanasannmnsis
1241 683 1323 762 [mn.
1340 704 1369 747 v.

418 863 540 928 tristem
572 858 710 946 aliquem
733 880 799 921 esse
822 879 884 920 non
907 854 1058 941 patiatur.
1104 857 1175 929 Qua
1206 877 1281 917 vero
1303 867 1372 919 arte

418 965 452 1029 id
483 966 550 1040 fiet,
573 961 699 1026 moralis
720 982 854 1045 campus
883 959 1047 1044 subjectus
1076 957 1258 1042 exequitur,
1283 970 1373 1021 tanta

420 1066 550 1154 quidem
571 1062 754 1128 amoenitate
775 1061 902 1139 florum,
924 1074 956 1124 et
973 1058 1137 1124 fructuum
1162 1060 1319 1133 ubertate,
1336 1071 1373 1122 ut

421 1170 446 1234 ai
468 1168 542 1255 quis
564 1189 636 1230 eum
660 1164 851 1249 ingreditur,
878 1161 1019 1226 Paradisi
1042 1185 1075 1225 se
1097 1161 1217 1225 deliciis
1233 1160 1374 1246 gaudeat

421 1271 579 1343 interesse.
603 1265 734 1331 Miraris
743 1265 825 1331 forte
838 1279 868 1330 et
880 1264 1034 1329 attonitus
1043 1263 1251 1349 obstupescis,
1262 1285 1373 1349 quem-

423 1395 517 1461 quam
540 1372 573 1436 in
600 1368 696 1433 exilio
718 1368 821 1432 carnis
842 1367 950 1453 hujus,
980 1378 1078 1431 tantae
1106 1364 1283 1429 dulcedinis
1308 1387 1375 1428 esse

422 1473 621 1563 participem,
637 1487 668 1537 et
691 1470 865 1538 coelestium
880 1471 997 1535 civium
1013 1492 1080 1533 esse
1094 1471 1265 1533 concivem.
1311 1467 1376 1533 Sed

423 1601 463 1643 an
486 1578 531 1643 ita
560 1599 626 1641 esse
652 1574 762 1661 possit,
790 1596 830 1637 ex
860 1572 1010 1659 operibus
1041 1570 1101 1634 viri
1129 1571 1211 1657 justi
1242 1584 1278 1635 tu
1308 1573 1378 1656 ipse

424 1678 575 1766 dijudica.
623 1677 656 1743 si
687 1675 800 1761 negavi
824 1674 914 1759 quod
938 1673 1086 1738 volebant
1114 1673 1318 1758 pauperibus,
1345 1687 1378 1737 et

425 1781 535 1846 oculos
559 1779 667 1844 viduae
691 1789 860 1864 expectare
885 1777 956 1842 feci.
1001 1779 1035 1843 si
1058 1776 1180 1841 comedi
1203 1775 1376 1839 buccellam

427 1905 527 1947 meam
551 1882 647 1958 solus,
671 1893 702 1945 et
725 1902 786 1944 non
810 1880 947 1945 comedit
969 1877 1114 1968 pupillus
1127 1902 1167 1943 ex
1183 1902 1230 1955 ea,
1246 1879 1322 1965 quia
1338 1879 1379 1943 ab

427 1983 560 2048 infantia
582 1983 680 2047 crevit
705 2005 826 2046 mecum
852 1983 1023 2059 miseratio,
1039 1993 1071 2045 et
1093 1981 1134 2045 de
1156 1993 1248 2045 utero
1271 1981 1381 2044 matris

428 2105 507 2146 meae
523 2104 648 2167 egressa
669 2093 717 2145 est
739 2103 873 2144 mecum.
920 2080 953 2144 Si
975 2081 1106 2167 despexi
1125 2093 1381 2167 praetereuntem,

429 2182 567 2269 eoquod
583 2203 647 2245 non
668 2180 813 2246 babuerit
836 2182 1069 2263 indumentum,
1083 2196 1116 2247 et
1137 2183 1257 2268 absque
1278 2183 1382 2268 operi-

430 2298 537 2349 mento
558 2305 742 2370 pauperem.
787 2283 821 2347 Si
847 2305 909 2347 non
936 2283 1153 2349 benedixerint
1178 2285 1256 2349 mihi
1283 2285 1383 2348 latera

430 2386 510 2472 ejus,
525 2397 558 2449 et
579 2384 620 2448 de
643 2383 814 2449 velleribus
835 2384 942 2448 ovium
966 2407 1106 2450 mearum
1130 2384 1302 2450 calefactus
1322 2399 1381 2449 est.

432 2487 466 2552 Si
478 2486 580 2551 levavi
591 2509 687 2574 super
695 2485 854 2573 pupillum
867 2509 995 2552 manum
1006 2510 1119 2567 meam,
1131 2510 1232 2573 quum
1243 2487 1383 2551 viderem

432 2613 483 2655 me
496 2590 528 2653 in
545 2602 637 2674 porta
652 2587 1117 2675 superiorem,bumerusmeus
1131 2613 1149 2653 a
1159 2589 1312 2676 junctura
1327 2612 1386 2652 sua

432 2691 537 2770 cadat,
563 2704 595 2756 et
621 2691 786 2756 brachium
813 2713 920 2755 meum
945 2714 1018 2758 cum
1044 2692 1169 2757 ossibus
1194 2704 1386 2757 conteratur.

435 2795 566 2880 Semper
587 2793 669 2857 enim
690 2796 780 2879 quasi
802 2807 961 2858 tumentes
982 2792 1099 2859 fluctus
1114 2817 1210 2882 super
1230 2818 1280 2858 me
1294 2793 1387 2859 timui

435 2899 555 2978 Deum,
578 2910 609 2960 et
634 2893 760 2983 pondus
783 2895 852 2981 ejus
875 2895 958 2959 ferre
981 2919 1043 2961 non
1068 2897 1169 2982 potui.
1215 2896 1249 2961 Si
1275 2896 1386 2983 putavi

434 3019 548 3060 aurum
573 2997 670 3063 robur
690 3018 808 3076 meum,
823 3009 855 3061 et
877 2996 945 3062 dixi
967 2997 1078 3064 obrizo
1091 2999 1210 3064 fiducia
1230 3022 1310 3065 mea.
1355 2997 1389 3062 Si

438 3096 566 3163 laetatus
575 3120 643 3163 sum
657 3119 752 3183 super
764 3097 876 3163 multis
889 3098 1010 3164 divitiis
1019 3100 1107 3180 meis,
1118 3113 1150 3166 et
1164 3104 1241 3188 quia
1251 3100 1391 3185 plurima

436 3197 553 3284 reperit
576 3220 688 3264 manus
709 3220 788 3263 mea.
835 3199 868 3263 Si
884 3197 951 3265 vidi
965 3201 1061 3265 solem
1077 3224 1178 3289 quum
1195 3201 1344 3289 fulgeret,
1358 3215 1392 3269 et

437 3299 546 3364 lunam
562 3300 758 3365 incedentem
774 3300 868 3381 clare,
883 3314 915 3367 et
930 3301 1074 3369 laetatum
1095 3318 1143 3370 est
1157 3306 1189 3369 in
1205 3304 1393 3371 abscondito

438 3424 492 3468 cor
510 3424 628 3483 meum,
641 3414 674 3466 et
695 3401 856 3469 osculatus
879 3427 948 3469 sum
965 3428 1092 3472 manum
1116 3430 1219 3472 meam
1234 3430 1289 3472 ore
1311 3430 1394 3487 meo,

439 3526 513 3589 quae
535 3515 583 3568 est
605 3501 758 3589 iniquitas
780 3503 932 3588 maxima,
952 3518 985 3571 et
1008 3508 1137 3594 negatio
1157 3521 1268 3574 contra
1286 3509 1393 3571 Deum

439 3604 638 3669 altissimum.
684 3605 718 3672 Si
734 3607 866 3692 gavisus
888 3631 956 3673 sum
979 3609 1021 3673 ad
1043 3613 1167 3674 ruinam
1186 3613 1255 3697 ejus
1272 3610 1328 3695 qui
1343 3631 1395 3673 me

440 3705 562 3785 oderat,
577 3718 609 3770 et
627 3706 770 3774 exultavi
792 3709 879 3797 quod
901 3711 1071 3775 invenisset
1089 3734 1162 3774 eum
1185 3709 1314 3774 malum.
1360 3710 1395 3774 Si

441 3829 503 3872 non
520 3804 672 3873 dixerunt
687 3807 746 3873 viri
762 3808 957 3873 tabernaculi
978 3807 1050 3889 mei,
1064 3808 1137 3892 quis
1159 3807 1212 3873 det
1234 3807 1273 3872 de
1294 3809 1398 3873 carni·

442 3910 503 3976 bus
517 3911 586 3997 ejus
602 3921 639 3973 ut
654 3914 856 3976 saturemur?
880 3908 974 3974 Foris
988 3931 1051 3974 non
1070 3909 1184 3975 mansit
1200 3910 1399 3997 peregrinus,

441 4012 558 4077 ostium
574 4032 684 4092 meum⁴
696 4009 802 4098 patuit
817 4008 939 4074 viatori.
978 4011 1011 4074 Si
1027 4009 1178 4077 abscondi
1194 4014 1287 4101 quasi
1302 4014 1399 4080 homo

443 4127 608 4203 peccatum
630 4135 749 4190 meum,
770 4126 802 4179 et
824 4112 933 4179 caelavi
955 4116 988 4180 in
1011 4114 1081 4179 sinu
1104 4139 1174 4181 meo
1197 4118 1398 4205 iniquitatem

444 4239 555 4282 meam.
602 4218 637 4281 Si
658 4216 773 4301 expavi
795 4216 837 4281 ad
860 4216 1098 4284 multitudinem
1123 4220 1264 4303 nimiam,
1286 4235 1318 4287 et
1344 4222 1400 4286 de·

445 4319 564 4405 spectio
582 4321 837 4405 propinquorum
861 4324 976 4388 terruit
995 4347 1055 4405 me,
1070 4337 1177 4390 elnon
1198 4326 1300 4414 magis
1316 4326 1401 4390 tacui
