3384 5234
406 666 470 727 too
664 673 800 718 toarcius
816 674 1093 721 saansaunrausm
1212 659 1292 743 [arn.
1309 680 1361 723 ur.

410 831 461 894 dis
475 828 601 913 positio.
647 825 743 890 Unde
767 826 844 889 licet
867 826 965 890 invito
989 838 1022 890 et
1040 832 1231 913 repugnanti
1255 833 1361 895 animo

409 934 595 1017 plerumque
616 928 761 1006 affluant,
783 950 837 991 cor
858 939 962 992 tamen
987 951 1145 1014 apponere
1165 933 1270 996 fidelis
1291 935 1363 1016 pbi-

408 1032 564 1114 losophus
585 1029 744 1113 probibet,
766 1040 798 1092 et
813 1030 925 1093 doctor
940 1032 1082 1111 gentium
1097 1054 1163 1112 eos,
1178 1036 1233 1118 qui
1249 1034 1362 1098 divites

408 1134 477 1195 fieri
494 1133 638 1215 cupiunt,
657 1131 690 1192 in
704 1131 855 1213 laqueum
876 1131 1009 1207 diaboli,
1024 1146 1056 1196 et
1078 1137 1260 1201 tentationis
1282 1136 1362 1200 dicit

409 1232 560 1297 incidere.
613 1233 659 1293 Et
680 1232 736 1314 qui
760 1242 894 1313 utroque
918 1232 1016 1316 major
1045 1246 1104 1314 est,
1133 1237 1361 1319 primogenitus

409 1343 617 1411 mortuorum,
639 1345 672 1395 et
686 1332 838 1416 princeps
856 1355 965 1415 regum
984 1345 1073 1399 terrae
1096 1339 1217 1417 asserit,
1238 1340 1312 1403 Deo
1332 1351 1364 1403 et

409 1438 603 1499 Mammonae
619 1433 713 1495 simul
728 1434 836 1496 serviri
852 1455 917 1496 non
933 1456 1039 1517 posse.
1083 1439 1243 1510 Quoniam

574 1601 700 1672 Imperat,
713 1606 758 1652 aut
769 1601 848 1653 servit
860 1600 969 1654 collecta
982 1605 1089 1674 pecunia
1102 1606 1203 1675 cuique.

412 1740 476 1804 Sed
492 1738 582 1800 diviti
598 1757 761 1818 nunquam
778 1736 884 1812 servit,
900 1747 955 1800 aut
970 1759 1048 1801 raro.
1088 1739 1184 1804 Unde
1199 1743 1302 1826 liquet
1317 1744 1363 1807 di-

409 1841 489 1902 vites
498 1833 692 1921 frequentius
703 1835 833 1918 iniquos
842 1858 911 1899 esse
923 1859 1017 1921 qnam
1030 1840 1165 1906 heredes
1174 1844 1363 1927 iniquorum.

409 1940 582 2013 Quomodo
595 1960 673 2018 ergo
688 1945 801 2018 regnat
822 1938 947 2017 coritae,
967 1943 1023 2004 ubi
1046 1944 1198 2027 iniquitas
1220 1946 1364 2011 domina-

410 2040 484 2104 tur?
509 2038 630 2122 Utique
646 2038 734 2099 dives
750 2038 915 2101 familiaris
937 2062 1006 2103 esse
1023 2046 1123 2121 novit,
1145 2047 1267 2109 amicus
1283 2070 1365 2109 nun·

412 2161 518 2225 quam,
541 2155 596 2201 aut
621 2158 699 2200 raro.
746 2139 811 2201 Hic
827 2152 934 2202 tamen
960 2162 1024 2203 non
1053 2142 1093 2205 de
1116 2165 1166 2223 eo,
1190 2147 1244 2229 qui
1267 2147 1363 2211 habet

413 2241 550 2317 divitiae,
565 2261 667 2302 sermo
683 2249 742 2315 est,
758 2239 815 2301 sed
832 2239 886 2322 qui
902 2249 996 2302 amat.
1041 2243 1095 2304 Ex
1118 2246 1234 2327 quibus
1255 2248 1365 2331 liquet,

412 2345 488 2428 quia
510 2352 757 2427 quantacunque
773 2362 815 2403 ex
833 2340 1047 2405 familiaritate
1062 2348 1247 2428 potentioris
1263 2352 1363 2431 gratia

412 2446 564 2521 videatur,
580 2443 764 2524 diligentem
777 2443 935 2514 cautelam
950 2444 1051 2526 exigit
1066 2446 1270 2517 subditomm.
1297 2453 1364 2514 Ali.

412 2550 489 2633 quin
502 2546 606 2610 omnis
618 2546 686 2631 ejus
695 2546 858 2623 illecebra,
868 2547 888 2577 “
898 2546 973 2628 plus
984 2549 1082 2628 aloes,
1091 2572 1187 2633 quam
1197 2554 1318 2616 mellis''
1331 2555 1362 2617 in

412 2652 502 2715 exitu
514 2650 662 2712 habitura
673 2659 730 2710 est.
754 2650 796 2710 At
811 2647 945 2730 expedit
957 2651 1127 2732 plurimum
1143 2653 1183 2715 ad
1195 2676 1363 2726 successus

411 2774 480 2816 esse
489 2751 654 2815 conscium
667 2760 873 2833 secretorum.
890 2750 1031 2822 Quidni?
1044 2754 1366 2835 Reverentiacrescit,

412 2850 578 2916 invalescit
592 2848 777 2922 auctoritas,
788 2859 937 2911 arcentur
950 2851 1165 2927 incommoda,
1177 2858 1368 2939 proveniunt

411 2956 572 3029 utilitates,
616 2952 791 3021 amicorum
825 2962 960 3031 augetur
994 2975 1156 3033 numerus,
1192 2961 1365 3031 cultoribus

414 3056 541 3130 accedit
555 3054 693 3132 devotio,
715 3066 747 3116 et
761 3053 889 3115 fortuna
909 3055 1007 3126 totius
1028 3058 1135 3136 gratiae
1156 3079 1233 3132 suae,
1250 3071 1282 3123 et
1299 3061 1367 3123 seli-

412 3158 517 3220 citatis
546 3177 654 3220 auram
683 3154 808 3217 videtur
836 3155 974 3218 beatulis
1000 3156 1162 3240 inspirare.
1208 3161 1365 3223 Caeterum

411 3260 541 3321 istorum
558 3258 699 3319 omnium
715 3255 901 3334 novissima,
917 3257 1028 3340 quovis
1039 3259 1199 3321 absinthio
1211 3262 1366 3326 amariora

411 3373 496 3438 sunt,
508 3372 540 3423 et
550 3359 576 3422 si
586 3358 711 3420 interim
723 3379 787 3419 non
798 3369 1010 3433 amarescunt,
1015 3358 1136 3443 justam
1148 3360 1367 3427 amaritudinis

410 3464 530 3535 habent
558 3459 785 3541 suspicionem.
830 3460 898 3521 Res
928 3458 1086 3543 siquidem
1109 3464 1288 3545 periculosa
1310 3479 1368 3543 est,

411 3558 543 3620 divitum
560 3568 615 3619 aut
629 3567 794 3639 potentum
807 3560 1043 3620 communicare
1059 3562 1197 3623 secretis.
1243 3565 1366 3647 Siquid

411 3658 496 3720 enim
513 3658 560 3718 eis
575 3678 631 3739 per
646 3657 801 3719 incuriam
817 3659 896 3720 forte
913 3659 1058 3735 elabitur,
1081 3662 1143 3737 cui,
1158 3662 1220 3723 nisi
1236 3664 1366 3724 conscio

413 3754 617 3839 imponetur?
643 3756 737 3827 Quod
756 3758 955 3834 cubicularii,
970 3768 1024 3820 aut
1034 3760 1214 3838 ciniflones,
1229 3762 1368 3841 mimive,

412 3872 466 3924 aut
496 3858 678 3942 quicunque
700 3858 909 3934 nebulonum,
939 3858 1056 3939 quibus
1078 3860 1232 3924 delicatus
1262 3862 1368 3927 divitis

412 3980 536 4035 sensae,
560 3969 614 4020 aut
636 3958 721 4018 furor
744 3978 850 4019 carere
872 3978 936 4020 non
961 3968 1077 4039 potest,
1099 3961 1132 4023 in
1157 3963 1302 4044 lupanari
1318 3969 1368 4028 cel

411 4066 541 4128 taberna
553 4071 745 4141 sparserunt,
757 4069 812 4121 aut
821 4071 857 4121 ut
867 4080 900 4122 se
908 4058 1142 4126 vendicarenta
1153 4065 1366 4130 familiaritate

411 4162 563 4249 potentis,
580 4159 818 4240 divulgaverunt
831 4159 865 4221 in
879 4161 1010 4242 popula
1025 4160 1058 4224 in
1075 4161 1161 4227 illius
1173 4166 1365 4229 calumniam

409 4272 618 4346 retorquetur,
632 4261 686 4343 qui
709 4261 740 4322 in
759 4261 902 4324 consiliis
923 4262 1060 4344 aliquem
1086 4267 1194 4330 locum
1220 4268 1305 4331 visus
1322 4282 1369 4331 est
