3384 5234
371 684 441 730 car.
456 669 581 743 xxva]
730 681 983 729 marcuarrcus.
1267 672 1327 731 139

370 845 403 898 et
418 835 506 898 nulla
517 834 702 899 necessitate
713 845 889 917 urgeantur
905 831 945 896 ad
962 832 1154 919 implendam
1164 832 1325 916 justitiam

371 932 443 997 Dei.
498 933 560 997 Sed
585 930 742 1018 numquid
770 929 819 993 vel
845 930 900 1005 sic,
926 928 968 993 ad
999 945 1123 995 tantum
1146 933 1325 996 tonitruum

370 1035 623 1099 comminationis
637 1033 766 1109 divinae,
782 1029 939 1117 σκληρότης
954 1033 1091 1117 pectoris
1105 1031 1258 1114 indurati,
1268 1045 1325 1098 aut

370 1151 488 1215 tumor,
505 1136 561 1221 qui
578 1132 756 1220 tyrannidis
775 1133 947 1219 iniquitate
961 1134 995 1197 in
1009 1133 1103 1197 corde
1119 1132 1224 1215 Saulis
1238 1134 1326 1197 viva·

369 1236 436 1300 cius
452 1236 623 1312 coaluerat,
639 1234 750 1321 potuit·
760 1233 920 1298 emolliri?
959 1237 1185 1320 Nequaquam.
1232 1233 1326 1300 Dixit

370 1336 453 1399 enim
470 1336 546 1402 Saul
561 1335 601 1399 ad
627 1333 824 1399 Samuelem:
850 1335 994 1409 Peccavi,
1010 1333 1087 1420 quia
1100 1334 1327 1420 praevaricatus

372 1459 442 1500 sum
455 1459 630 1501 sermonem
643 1437 785 1514 Domini,
799 1448 831 1501 et
844 1436 941 1499 rerba
952 1449 1018 1511 tua,
1032 1436 1146 1500 timens
1157 1435 1326 1522 populum,

371 1551 403 1601 et
417 1536 568 1602 obediens
583 1540 652 1602 voci
667 1558 788 1601 eorum.
833 1535 897 1602 Sed
918 1558 1003 1599 nunc
1020 1548 1114 1619 porta
1128 1558 1238 1621 quaeso
1254 1559 1325 1622 pec·

372 1652 478 1702 catum
499 1661 618 1715 meum,
633 1652 666 1701 et
689 1650 847 1701 revertere
864 1660 999 1713 mecum,
1016 1651 1051 1704 ut
1068 1635 1196 1701 adorem
1213 1638 1325 1701 Domi-

371 1762 460 1804 num.
505 1743 551 1805 Et
566 1743 610 1804 ait
630 1742 776 1806 Samuel:
802 1744 876 1803 Non
897 1752 1047 1813 revertar,
1068 1737 1145 1824 quia
1163 1736 1324 1824 projecisti

371 1863 546 1905 sermonem
563 1840 704 1921 Domini,
718 1854 751 1905 et
771 1841 907 1927 projecit
929 1853 961 1906 te
982 1840 1140 1904 Dominus
1155 1863 1194 1903 ne
1209 1839 1251 1904 sis
1266 1863 1323 1904 rex

370 1965 465 2029 super
491 1943 599 2007 Israel.
644 1941 784 2008 Videsne
808 1966 905 2029 quam
931 1941 1058 2007 difficile
1088 1943 1129 2007 sit
1152 1942 1320 2020 malitiam,

370 2069 472 2132 quum
495 2044 808 2131 superbiae-fomento
827 2044 990 2125 coaluerit,
1005 2044 1108 2109 verbis
1128 2057 1160 2109 et
1174 2044 1323 2110 exhorta·

369 2151 455 2211 tione
477 2145 608 2210 curari?
646 2145 790 2224 Peccavi,
816 2145 933 2231 inquit,
959 2146 1074 2211 timens
1096 2145 1265 2232 populum,
1289 2158 1321 2210 et

369 2248 522 2313 obediens
538 2246 608 2311 voci
629 2270 750 2313 eorum.
797 2248 911 2311 Nonne
934 2247 977 2311 sic
991 2248 1113 2313 fatetur
1134 2247 1271 2334 culpam,
1286 2261 1324 2312 ut

371 2350 479 2435 potius
500 2351 642 2415 involvat
664 2351 753 2430 alios,
776 2354 843 2437 qui,
865 2352 892 2414 si
914 2351 1061 2437 princeps
1081 2363 1174 2429 esset,
1195 2350 1325 2416 fuerant

369 2451 544 2529 relaxandi,
571 2475 668 2538 quam
698 2452 836 2538 seipsum
866 2451 1041 2537 expediat?
1080 2451 1249 2537 Numquid
1279 2454 1325 2516 sic

368 2554 514 2619 audierat
531 2554 642 2617 fecisse
658 2556 806 2639 Moysen,
822 2575 923 2637 quum
936 2557 986 2617 ira
1002 2552 1064 2615 Dei
1079 2551 1204 2616 saeviret
1219 2553 1251 2616 in
1267 2574 1323 2637 po-

369 2656 492 2741 pulum,
505 2656 702 2741 dixissetque
718 2657 748 2718 ei
764 2654 942 2721 Dominus:
966 2652 1103 2718 Dimitte
1117 2675 1179 2729 me,
1192 2666 1229 2718 ut
1245 2657 1323 2721 iras

369 2770 462 2820 catur
475 2757 566 2821 furor
578 2779 668 2821 meus
682 2756 714 2819 in
729 2759 862 2843 populo,
877 2767 912 2820 et
925 2753 1046 2819 deleam
1061 2777 1146 2831 eum,
1162 2766 1194 2819 et
1209 2755 1324 2821 faciam

370 2871 401 2922 te
416 2879 553 2922 crescere
567 2860 600 2923 in
615 2873 741 2944 gentem
764 2881 920 2943 magnam.
966 2857 1051 2935 Quid
1073 2881 1148 2943 ergo
1162 2858 1237 2923 fecit
1252 2859 1321 2924 dux

368 2960 518 3046 idemque
539 2959 644 3025 fidelis
666 2961 812 3046 princeps
834 2960 868 3023 iu
892 2958 1090 3045 beneplacito
1114 2983 1184 3037 auo,
1204 2961 1322 3026 consti-

368 3072 489 3123 tutusa
506 3062 664 3124 Domino?
688 3060 758 3124 Aut
772 3058 964 3138 dimitteeis,
974 3058 1091 3143 inquit,
1101 3059 1182 3124 hanc
1191 3083 1319 3140 noxam,

368 3174 425 3226 aut
448 3161 589 3226 deleme
612 3162 652 3225 de
677 3162 759 3226 libro
782 3174 850 3225 tuo.
897 3161 962 3227 Sed
985 3163 1144 3249 numquid
1165 3164 1199 3227 in
1222 3176 1321 3232 tautae

368 3263 509 3328 caritatis
538 3263 654 3327 affectu
684 3259 843 3350 propriam
875 3264 1037 3350 quaerebat
1065 3265 1226 3349 gloriam?
1255 3271 1321 3334 ·In-

368 3363 441 3450 quit
457 3365 540 3428 enim
556 3363 826 3429 mansuetissimus
840 3372 998 3450 princeps,
1013 3365 1088 3450 pius
1101 3379 1204 3451 pater,
1220 3367 1320 3434 diser·

369 3478 422 3529 tus
437 3478 553 3541 orator,
569 3478 682 3552 potens
701 3465 733 3529 in
756 3488 862 3549 opere,
879 3481 911 3530 et
931 3488 1085 3546 sermone,
1098 3466 1166 3532 dux
1186 3491 1320 3553 prmum-

368 3566 464 3645 bulus
479 3568 511 3631 in
529 3567 658 3654 justitia
672 3567 896 3633 mandatorum
919 3568 1000 3633 Dei:
1024 3568 1141 3633 Dicent
1156 3570 1318 3657 AEgyptii,

363 3667 493 3733 vCallida
514 3668 610 3734 duxit
632 3692 685 3733 eos
706 3669 865 3734 Dominus
887 3669 927 3733 de
951 3670 1109 3756 AEgypto,
1125 3683 1161 3735 ut
1181 3686 1319 3757 proster-

366 3784 454 3836 neret
469 3773 502 3835 in
519 3772 653 3835 deserto.
689 3772 742 3835 Sic
756 3782 833 3855 ergo
847 3770 943 3835 etiam
959 3774 1009 3835 sui
1024 3771 1126 3857 ipsius
1140 3771 1320 3859 dispendio,
1380 3782 1382 3786 '

368 3874 498 3938 Domini
513 3874 646 3959 gloriam
661 3873 874 3958 praeoptabat,
883 3884 914 3937 et
927 3872 1049 3959 populi,
1058 3874 1152 3959 cujus
1162 3873 1317 3941 ducatum

368 3974 580 4050 ministrabat,
593 3975 822 4039 liberationem.
854 3974 961 4039 David
973 3998 1102 4061 quoque
1111 3996 1211 4059 quum
1223 3976 1317 4061 culpa

367 4078 436 4161 ejus
453 4079 629 4141 Dominum
650 4077 690 4141 ad
707 4074 903 4139 iracundiam
923 4091 1135 4162 provocasset,
1149 4089 1181 4141 et
1201 4078 1316 4163 princi-

365 4177 446 4261 palis
465 4179 569 4264 cirlpae
584 4179 747 4263 subjectus
766 4177 906 4263 populus
925 4191 1066 4264 portaret
1080 4200 1218 4263 poenam,
1236 4179 1315 4244 vidit

368 4281 515 4362 angelum
532 4281 593 4345 Dei
608 4279 780 4343 caedentem
794 4278 960 4363 populum.
1005 4280 1106 4343 Fudit
1122 4279 1231 4363 itaque
1247 4301 1316 4365 pre-
