3384 5234
265 718 336 762 cnr.
351 702 460 776 xxm]
613 719 868 765 nonrcnsrrcus.
1157 709 1214 768 181

265 867 395 933 consilio
407 868 550 933 Danielis
564 881 694 953 peccata
704 868 911 954 eleemosynis
925 868 1093 945 redimens,
1109 883 1141 935 et
1156 873 1215 935 ini-

265 970 443 1052 quitates'in
454 966 675 1033 misericordiis
686 989 876 1054 pauperum,
887 972 1074 1035 sententiam
1087 971 1217 1036 Domini

263 1068 490 1150 imminentem,
504 1068 545 1133 ad
568 1066 695 1155 tempus
713 1067 839 1155 effugit,
855 1066 955 1133 donec
968 1070 1002 1133 iu
1018 1071 1093 1135 aula
1108 1071 1226 1157 Baby*

265 1169 354 1235 louis
359 1173 500 1257 glorians
514 1170 647 1235 diceret:
673 1172 787 1233 Nonne
802 1171 872 1236 haec
884 1184 932 1235 est
945 1172 1092 1256 Babylon
1106 1172 1218 1238 civitas

265 1293 388 1357 magna,
403 1292 501 1358 quam
518 1294 579 1356 ego
589 1270 744 1336 aediiicnvi
754 1270 785 1333 iu
795 1270 926 1335 domum
942 1272 1043 1355 regni,
1055 1273 1088 1336 in
1104 1274 1216 1339 robore

265 1372 465 1438 fortitudinis
481 1395 570 1454 mere,
585 1388 616 1438 et
630 1373 663 1435 in
678 1371 781 1457 gloria
802 1372 937 1436 numinis
958 1370 1044 1436 moi?
1073 1375 1125 1440 Sic
1140 1398 1226 1459 ergov

264 1467 411 1539 elationis·
431 1497 518 1554 voce,
541 1475 575 1537 in
601 1473 739 1560 seipsum
761 1474 830 1559 jam
856 1473 1032 1558 fugientem
1061 1476 1122 1539 Dei
1149 1494 1221 1539 sem·

267 1573 399 1641 tentiam
415 1575 582 1641 revocavit.

268 1851 350 1935 Cup.
371 1854 424 1914 26.
457 1853 552 1925 Quod
575 1852 735 1914 sententio
765 1850 830 1913 Dei
856 1853 973 1913 moveri
995 1860 1109 1932 potest,
1135 1854 1221 1934 quod

310 1955 479 2016 consilium
494 1954 559 2015 Dei
573 1952 768 2015 immutabile
782 1958 839 2027 est,
856 1957 887 2013 et
905 1953 1054 2015 uoluntas
1074 1952 1139 2016 Dei
1150 1956 1221 2034 pri·

311 2076 365 2118 ma
384 2058 526 2118 ommium
549 2074 660 2131 coneo,
682 2061 714 2115 et
734 2055 820 2134 quod
839 2054 991 2117 mathesis
1009 2056 1064 2118 oin
1084 2055 1223 2119 domno-

311 2158 480 2219 tinnirent.

313 2290 417 2366 Quum
434 2289 545 2375 itaque
564 2286 776 2352 immutabilis
797 2288 860 2352 Dei
882 2290 981 2375 possit
1008 2290 1127 2353 moveri
1154 2312 1223 2353 sen-

268 2389 378 2465 tentia,
405 2390 578 2455 errantium
609 2402 641 2453 et
670 2388 918 2453 discurrentium
949 2389 1089 2454 siderum
1119 2413 1222 2454 sermo

267 2491 408 2556 monebit
421 2490 616 2555 immobilis?
655 2489 717 2555 Sed
739 2511 933 2576 quocunque
955 2490 1050 2554 modo
1065 2491 1224 2556 sententia

270 2601 447 2680 moueatur,
477 2591 646 2656 consilium
684 2591 814 2655 Domini
843 2604 951 2656 manet
985 2592 1017 2654 in
1056 2606 1224 2656 aeternum.

270 2693 364 2767 Quod
380 2701 485 2759 autem
501 2692 624 2756 consilii
648 2700 680 2755 et
695 2691 870 2756 voluntatis
885 2693 947 2758 Dei
962 2692 1088 2777 signum
1104 2694 1224 2756 certius

269 2804 328 2869 est,
351 2796 563 2879 praeeeptione
584 2805 646 2857 nut
672 2791 885 2880 prohibitione
908 2791 1041 2856 divina?
1081 2795 1135 2856 An
1160 2814 1224 2856 non

270 2904 356 2957 reete
371 2892 533 2957 videbitur
553 2892 645 2970 velle,
662 2892 749 2979 quod
765 2893 933 2978 ptaecipit?
973 2892 1071 2956 Plane
1088 2895 1227 2957 Patriar-

270 2993 362 3057 chem
378 2992 531 3079 proecepit
547 2974 755 3082 unigenitum
763 2993 983 3078 promissionis
996 2992 1097 3056 filium
1114 2994 1226 3056 immo-

273 3095 343 3161 lare.
378 3097 490 3177 Recte,
498 3117 538 3159 ne
552 3094 738 3161 Patrinrcha
747 3094 912 3158 mandenti
921 3093 1103 3178 acquievit?
1127 3098 1227 3159 Recte

270 3196 401 3281 quidem
412 3220 470 3283 per
481 3197 598 3273 omnia,
610 3220 649 3259 eo
660 3196 746 3282 quod
757 3195 943 3259 mandatum
957 3193 1142 3272 voluntatis,
1154 3216 1227 3280 quoe

272 3297 534 3382 primoomnium
557 3320 652 3361 censa
674 3310 733 3372 est,
749 3310 781 3360 et
802 3317 965 3380 nunquam
981 3317 1041 3358 suo
1055 3294 1227 3359 fraudatur

270 3388 396 3477 effectu,
407 3397 619 3461 certissimum
629 3397 785 3462 indicium
796 3396 847 3460 sit.
879 3394 1115 3479 Adeoquidem
1124 3394 1229 3479 primo

272 3513 331 3578 est,
343 3510 381 3563 ut
391 3502 419 3563 si
435 3500 654 3584 quoeraturde
670 3499 789 3584 aliquo,
801 3521 859 3563 cur
873 3498 918 3563 ita
931 3498 986 3574 eit,
999 3497 1171 3563 rectissime
1181 3499 1229 3563 di-

269 3611 374 3680 catur,
389 3601 540 3685 quoniam
554 3599 608 3664 ille
629 3603 674 3665 sic
689 3599 803 3676 voluit,
818 3599 877 3683 qui
892 3599 1010 3679 omnia,
1025 3605 1231 3685 quincunquev

271 3700 383 3779 voluit,
399 3702 486 3768 fecit.
532 3702 566 3768 Si
582 3725 657 3766 vero
677 3724 734 3765 cur
750 3700 886 3764 voluerit
913 3699 1107 3785 inquiratur,
1121 3701 1231 3787 inepta

272 3804 406 3888 quaestio
417 3816 476 3884 est,
487 3806 638 3889 quoniam
654 3803 767 3889 primae
781 3823 898 3878 causae,
914 3801 1088 3866 voluntatis
1099 3801 1229 3878 scilicet,

269 3905 428 3988 quaeritnr
442 3927 549 3982 causa,
564 3906 656 3991 cujus
671 3903 758 3968 nulls
773 3916 821 3967 est
837 3902 966 3966 omniuo
980 3924 1086 3966 causa.
1125 3901 1230 3986 Equi·

268 4004 343 4069 dem
363 4006 426 4071 dici
442 4006 532 4087 solet,
546 4019 578 4071 et
600 4028 713 4070 verum
733 4017 792 4082 est,
808 4004 885 4089 quia
904 4003 938 4066 in
958 4025 1055 4067 manu
1076 4001 1231 4089 principis

272 4104 382 4182 est‚'ut
398 4107 498 4193 possit
513 4106 624 4171 mitius
631 4105 778 4192 judicare
788 4126 889 4190 quam
904 4103 1000 4188 leges,
1010 4124 1110 4188 quum
1123 4115 1156 4165 et
1171 4101 1233 4187 qui

272 4206 375 4288 tegern
391 4207 479 4286 tulit,
494 4205 698 4290 derogandis,
718 4203 767 4269 vel
791 4204 985 4288 abrogandoe
1001 4202 1099 4281 illius,
1114 4202 1231 4264 hubent

272 4321 476 4393 potestatem.
513 4309 595 4394 Legi
611 4331 698 4394 ergo,
713 4331 808 4393 quam
821 4306 943 4391 figulus
954 4319 1031 4371 tuus
1042 4303 1234 4387 coeloimpo-

730 4417 790 4473 Η
