3384 5234
312 711 384 754 cae.
400 695 507 773 xxva]
664 711 917 757 norvcnarrcns.
997 733 1005 740 .,
1204 699 1264 759 133

313 860 444 926 sufficio.
489 859 572 934 Quis
598 861 681 924 enim
710 861 790 925 adeo
819 862 943 948 sapiens
968 872 1026 940 est,
1054 873 1089 925 ut
1116 861 1264 926 omnibus

313 962 454 1047 cujusvis
463 962 613 1047 imperiti,
624 963 740 1026 nedum
752 965 826 1042 tuiS,
835 962 1063 1048 quaestionibus
1072 964 1263 1028 satisfaciat?

304 1063 434 1126 Totius
460 1063 597 1149 denique
620 1064 735 1127 veteris
761 1063 970 1150 philosophiae
991 1064 1137 1149 princeps
1161 1064 1265 1141 Plat0,

315 1162 414 1227 levem
429 1164 481 1244 (ut
491 1165 616 1248 fertur),
626 1165 713 1250 quod
728 1178 832 1228 tamen
848 1165 889 1227 de
903 1165 1045 1227 Homero
1060 1168 1166 1229 verius
1180 1166 1265 1229 dice·

315 1278 414 1341 retur,
439 1264 659 1350 nescioquam
687 1278 856 1328 nautarum
879 1265 1084 1348 quaestionem
1108 1264 1266 1350 explicare

315 1388 376 1430 non
393 1367 508 1452 potuit.
555 1365 650 1431 Unde
673 1388 771 1451 quum
788 1366 829 1428 ab
852 1365 970 1430 eisdem
988 1365 1216 1450 impudentius,
1232 1380 1265 1429 et

315 1468 509 1553 protractius
523 1467 732 1544 derideretur,
750 1480 785 1530 ut
800 1480 867 1529 erat
884 1470 932 1530 vir
953 1467 1122 1531 verecundi
1138 1467 1269 1553 ingenii,

318 1569 410 1655 quasi
425 1569 564 1633 toxicato
575 1568 767 1633 confusionis
777 1568 887 1653 jaculo
897 1569 1059 1653 perfossus
1069 1570 1109 1632 ad
1122 1582 1267 1645 mortem,

320 1672 468 1756 spiritum
481 1671 686 1735 novissimum
703 1670 874 1734 exhalavit.
907 1671 1071 1735 Puduerat
1083 1674 1165 1737 enim
1182 1672 1269 1757 quod

320 1773 413 1857 quasi
440 1773 538 1836 totius
567 1771 747 1835 Academiae
772 1772 976 1857 improperio,
1003 1773 1270 1859 exprobraverant

320 1875 496 1961 principem
531 1873 799 1958 Philosophorum
835 1873 982 1949 Graecia,
1011 1876 1105 1939 etiam
1141 1875 1272 1940 minima

319 1976 476 2061 ignorare.
522 1980 593 2041 Hoc
609 1988 715 2039 autem
736 1974 845 2039 asserit
863 1975 1037 2039 Flavianus
1053 1979 1086 2039 in
1107 1976 1199 2053 libro,
1216 1979 1269 2063 qui

321 2081 373 2143 De
397 2078 537 2163 vestigiis
561 2076 830 2163 Philosophorum
857 2076 1052 2156 inscribitur,
1078 2079 1271 2165 Xenophon·

322 2182 404 2245 tinos
419 2181 552 2246 faciente
561 2180 693 2258 invidia,
704 2179 857 2243 adversus
868 2179 1011 2243 Platonis
1022 2179 1154 2264 gloriam
1167 2181 1271 2267 impu·

320 2284 431 2347 denter
457 2282 594 2346 finxisse.
634 2280 727 2344 Licet
754 2280 983 2365 quamplurimi
1009 2305 1079 2345 eum
1104 2283 1147 2346 ob
1171 2305 1272 2347 sacra-

320 2400 463 2449 mentum
482 2384 606 2448 numeri
629 2397 768 2446 asserant
792 2382 878 2446 ultro
900 2383 1034 2447 animam
1054 2386 1196 2470 posuisse
1217 2384 1273 2449 illo

323 2491 425 2552 artatis
440 2510 506 2550 suae
517 2508 599 2549 anno
615 2482 753 2571 explete,
766 2507 860 2571 quem
873 2486 1062 2550 novenarius
1075 2486 1107 2549 in
1121 2509 1153 2550 se
1167 2487 1272 2572 ipsum

323 2591 439 2653 ductus
453 2589 611 2667 effecerat,
626 2611 663 2652 eo
679 2586 765 2673 quod
781 2585 897 2652 exinde
915 2609 976 2650 non
993 2586 1114 2651 accedit
1129 2588 1275 2651 humani-

323 2690 381 2755 tati
396 2689 454 2753 nisi
469 2689 559 2752 labor
574 2699 606 2751 et
621 2686 721 2751 dolor.
768 2688 886 2750 Fateor
906 2686 1051 2772 equidem
1068 2710 1119 2749 me
1137 2686 1274 2772 paucula

323 2790 412 2865 scire,
428 2803 459 2854 et
475 2813 547 2870 curn
564 2780 673 2853 multis
688 2787 825 2875 plurima
840 2788 995 2871 ignorare,
1007 2811 1065 2852 nec
1079 2802 1183 2853 tamen
1201 2789 1275 2853 vitoe

324 2914 442 2958 munus
457 2892 546 2977 quasi
562 2894 724 2955 Homerus
738 2889 862 2975 pudore
877 2890 981 2954 victus
995 2890 1119 2975 abjicio.
1152 2893 1184 2955 Si
1199 2898 1276 2978 ergo

323 2991 543 3079 providentia,
564 3004 595 3056 et
617 2990 709 3057 liberi
737 2990 862 3061 arbitrii
884 2992 972 3062 litem
1000 3012 1188 3077 componere
1213 3015 1276 3056 non

325 3094 455 3174 sufficio,
471 3093 495 3157 si
510 3093 650 3157 fatorum
666 3104 698 3157 et
713 3092 876 3156 facilitatis
896 3104 1019 3157 naturae
1034 3096 1276 3179 repugnantiam

323 3217 448 3281 nequeo
470 3194 671 3274 concordare,
695 3193 841 3279 nunquid
866 3194 939 3259 ideo
964 3194 1069 3257 minus
1092 3217 1203 3259 verum
1228 3208 1277 3262 est

323 3298 385 3362 ista
410 3302 500 3361 esse?
535 3297 625 3362 Sicut
651 3296 683 3360 in
709 3287 784 3382 jure
809 3296 894 3362 civili
923 3319 995 3360 reus
1023 3296 1278 3381 frequentissime

324 3394 529 3459 favorabilior
553 3408 612 3473 est,
637 3396 684 3457 ita
707 3394 855 3480 quaedam
882 3408 954 3459 sunt
978 3394 1279 3479 investigationibus

325 3494 563 3582 philosophicis,
593 3494 649 3558 ubi
677 3495 868 3579 plerumque
904 3496 1007 3582 potior
1043 3519 1117 3582 pars
1151 3496 1279 3563 videtur

326 3598 452 3662 actoris.
497 3599 570 3661 Hoc
592 3608 698 3660 autem
722 3620 762 3661 ex
779 3597 906 3661 defectu
930 3612 1038 3664 nostro
1053 3598 1190 3663 arbitror
1210 3623 1281 3663 eve-

325 3703 402 3764 nire.
449 3698 637 3762 Intellectus
659 3700 742 3762 enim
765 3700 848 3763 circa
870 3722 975 3763 rerum
1000 3701 1104 3785 prima
1127 3702 1281 3787 principia

327 3802 443 3866 deficit.
491 3802 531 3864 In
551 3800 600 3863 his
620 3798 807 3864 scrutinium
829 3800 1050 3887 providentiae,
1067 3803 1282 3888 investigatio-

325 3925 461 3990 nemque
490 3902 644 3980 materiae,
674 3914 705 3965 et
735 3901 810 3964 fidei
841 3913 957 3965 nostrae
986 3902 1105 3967 multos
1133 3904 1283 3969 articulos

326 4007 489 4089 aptissime
501 4026 612 4066 censeo
627 4002 796 4066 numerari.
828 4004 916 4066 Dum
930 4002 962 4065 in
977 4002 1177 4088 providentia
1187 4004 1282 4068 unius

328 4108 478 4192 quaerelae
508 4104 683 4168 molestiam
715 4104 855 4190 perimis,
884 4103 972 4167 velut
1005 4104 1119 4189 hydrae
1149 4107 1283 4192 praeciso

326 4209 440 4293 capite,
460 4207 602 4294 plurium
627 4218 827 4270 succrescunt
849 4206 955 4290 capita
977 4209 1201 4290 quaestionum.
1245 4208 1280 4272 Si

328 4310 363 4373 in
379 4311 520 4375 materiae
544 4308 653 4373 silvam
677 4308 914 4394 progredimur,
929 4306 1014 4370 illico
1033 4307 1172 4392 patimur
1194 4311 1281 4394 quod
