3384 5234
333 732 403 780 cur.
419 717 473 803 11.]
696 731 950 779 mnrcnsmcus.
1222 714 1283 773 165

332 888 512 968 reprobum,
528 885 614 973 quod
625 885 754 971 planum
763 896 814 948 est
822 883 872 948 his
883 883 939 969 qui
952 878 1141 967 Apostolum
1154 876 1278 964 plenius

331 1000 496 1054 noverunt.
520 994 754 1073 Argumentum
765 998 873 1050 temen
882 986 924 1050 ad
933 983 1041 1049 omnia
1049 980 1279 1047 validissimum

329 1100 387 1170 est,
398 1104 434 1154 ut
445 1091 486 1155 de
497 1090 561 1154 fide
571 1102 604 1154 et
614 1088 796 1154 sinceritate
807 1087 1005 1171 singulorum
1017 1084 1165 1150 credatur
1176 1081 1281 1169 operi·

329 1191 389 1257 bus
403 1192 477 1259 suis.
522 1192 631 1278 Opera
645 1190 732 1256 enim
747 1212 821 1277 qum
836 1188 912 1253 facit
920 1188 1046 1276 aliquis,
1062 1185 1279 1252 testimouium

329 1294 499 1379 perhibent
519 1295 560 1358 de
576 1317 625 1359 eo.
671 1294 792 1357 Verum
814 1293 871 1378 qui
893 1292 1031 1378 seipsum
1053 1290 1188 1375 ignorat,
1201 1287 1280 1375 quid

329 1393 450 1458 utiliter
464 1393 571 1459 novit?
594 1394 628 1461 Si
643 1394 769 1479 ignoras
783 1403 827 1473 te,
840 1391 956 1479 inquit,
971 1390 1184 1477 pulcherrima
1197 1387 1298 1452 iutcr'

331 1496 491 1573 mulieres,
512 1497 565 1562 abi
584 1510 656 1583 post
677 1494 811 1580 vestigia
831 1493 999 1570 sodalium,
1016 1505 1049 1558 et
1069 1502 1139 1579 post
1157 1512 1281 1577 greges.

291 1669 296 1680 ,
332 1598 508 1664 Oraculum
531 1600 687 1686 Apollinis
707 1610 767 1676 est,
789 1609 821 1662 et
841 1597 1041 1661 descendisse
1057 1595 1098 1659 de
1117 1594 1198 1659 coelo
1212 1615 1280 1659 cre·

333 1702 429 1779 ditur,
452 1704 534 1790 γνῶθι
555 1703 681 1779 σεαυτὸν,
705 1701 739 1766 id
766 1711 824 1778 est,
855 1700 933 1765 scito
962 1699 1109 1785 teipsum.
1164 1686 1281 1764 Nonne

332 1811 423 1876 scivit
437 1811 497 1876 hoc
512 1811 646 1877 Ethicus
659 1812 779 1894 diceus,

437 1948 548 2014 Discite,
561 1954 588 2002 et
599 1967 615 2001 o
626 1952 714 2003 miseri
727 1968 820 2004 causas
834 1951 983 2019 cognoscite
995 1966 1089 2014 rerum,

439 2035 511 2097 Quid
522 2053 620 2101 sumus,
632 2042 678 2089 eut
689 2037 812 2106 quidnam
822 2038 916 2091 victuri
927 2038 1069 2105 gignimur,
1082 2036 1144 2088 ordo

434 2121 501 2183 Quis
512 2121 599 2183 datur,
611 2128 656 2175 aut
668 2132 747 2175 metae
759 2141 838 2192 quam
850 2124 936 2176 mollis
947 2124 1031 2175 flexus
1042 2127 1069 2173 et
1080 2121 1157 2184 uude,

437 2191 506 2269 Q'uis
514 2209 606 2260 modus
617 2213 735 2276 argento,
748 2208 810 2278 quid
820 2208 861 2263 fas
873 2216 970 2281 optare,
983 2208 1045 2278 quid
1056 2225 1132 2279 asper

437 2294 513 2347 Utile
523 2312 644 2348 nummus
654 2295 744 2360 habet,
756 2298 842 2366 pueris
853 2298 968 2365 carisque
979 2295 1127 2368 propinquis

439 2380 575 2441 Quantum
587 2382 693 2450 elargiri
704 2383 803 2447 deceat,
816 2402 895 2453 quem
907 2389 933 2436 te
946 2384 1020 2435 Deus
1032 2399 1091 2435 esse

398 2508 400 2512 .
437 2467 455 2517 J
458 2468 531 2533 ussit,
545 2472 572 2520 et
583 2467 699 2520 humana
710 2486 761 2537 que
772 2476 846 2540 parte
858 2469 959 2523 locatus
970 2486 999 2520 es
1010 2470 1037 2519 in
1049 2487 1086 2521 re.

336 2592 418 2658 Haec
433 2594 553 2661 etenim
570 2594 798 2681 contemplatio
819 2593 1084 2682 quadripartitum
1100 2592 1183 2677 parit
1201 2593 1285 2655 fruc·

330 2707 415 2773 tum,
439 2697 608 2761 utilitatem
631 2698 690 2777 sui,
713 2699 877 2763 caritatem
899 2695 1045 2784 proximi,
1065 2705 1285 2780 contemptum

331 2798 457 2875 muudi,
480 2821 620 2864 amorem
644 2800 717 2867 Dei.
763 2804 814 2865 An
840 2813 967 2867 nonest
989 2800 1083 2866 arbor
1100 2799 1286 2884 bonaque}

329 2910 459 2964 'tantam
488 2903 649 2967 lmctuum
672 2904 876 2969 dulcedinem
910 2904 1014 2982 affert,
1050 2913 1172 2968 tautam
1195 2900 1287 2965 affert

332 3003 530 3068 utilitatem?
553 3005 648 3071 Certe
678 3029 742 3071 non
764 3008 918 3093 superbit,
949 3007 1004 3095 qui
1034 3028 1148 3092 parvus
1174 3013 1222 3068 cst
1250 3002 1285 3066 in

332 3107 431 3171 oculis
453 3109 526 3174 suis.
572 3109 662 3176 Dum
689 3111 824 3199 quisque
850 3134 924 3198 quae
947 3111 1063 3175 adsunt
1083 3108 1135 3173 vel
1157 3107 1284 3184 absunt,

332 3210 553 3297 expetibilium
569 3234 740 3277 numerum
756 3213 885 3299 cogitat,
894 3213 964 3301 quis
976 3213 1016 3277 de
1031 3234 1088 3276 sua
1096 3220 1283 3307 paupertate

327 3334 399 3376 non
414 3313 597 3378 erubescit?
621 3314 740 3404 Siquis
761 3338 825 3381 uon
840 3316 1022 3403 appetenda
1040 3315 1089 3380 sui
1109 3324 1283 3396 recenseat,

335 3416 365 3479 ei
376 3415 464 3503 jugis
473 3417 606 3483 materie
619 3419 755 3484 modesti
767 3420 884 3485 doloris
895 3432 928 3485 ct
938 3418 1125 3502 humilitatis
1136 3416 1283 3498 occurrit.

337 3516 540 3604 Quocunque
560 3541 593 3583 se
613 3532 725 3603 vertat,
739 3522 773 3585 iu
795 3522 898 3608 scipso
919 3521 1077 3607 dejicitur,
1099 3520 1154 3609 qui
1169 3519 1250 3606 petit
1263 3541 1284 3584 a

337 3620 479 3684 Domino
501 3621 680 3706 confortari,
701 3624 825 3688 dicens:
858 3624 1055 3690 Humiliatus
1077 3627 1147 3689 sum
1170 3645 1287 3710 usque·

333 3745 471 3810 quaque,
483 3723 608 3790 vivifica
619 3748 672 3790 me
684 3727 861 3791 secundum
873 3727 1037 3815 eloquium
1046 3739 1150 3816 tuum.
1185 3726 1284 3811 Item·

334 3847 415 3913 que:
443 3827 524 3913 Ego,
547 3828 662 3917 inquit,
685 3829 718 3893 in
738 3830 867 3919 flagella
887 3834 1014 3917 paratus
1036 3854 1118 3911 sum,
1141 3841 1174 3895 et
1195 3830 1287 3897 dolor

334 3951 426 3994 meus
440 3930 475 3995 in
488 3944 661 4019 conspectu
675 3954 749 3998 meo
763 3955 897 4026 semper.
