3384 5234
368 651 438 697 can.
453 633 552 714 xv11.]
655 632 659 704 ζ
715 617 969 702 nonrcnarrcus.
1257 645 1319 705 335

368 806 559 891 adjungens,
575 828 668 871 crura
689 808 760 893 ejus
775 819 807 873 et
821 830 948 887 manus,
962 830 1065 893 prope
1074 810 1145 896 jam
1159 821 1247 876 metu
1262 833 1320 877 ex·

368 909 623 992 animati,lingua
632 912 746 974 leniter
755 911 916 985 demulsit,
926 933 1025 995 quum
1035 913 1132 975 homo
1141 914 1223 978 inter
1232 914 1321 978 illata

368 1013 485 1076 atrocis
513 1013 587 1077 ferae
618 1013 847 1090 blandimenta,
876 1015 1028 1077 amissum
1059 1016 1200 1079 animum
1230 1037 1321 1080 recu·

367 1136 478 1199 perare
493 1126 612 1197 posset,
626 1128 658 1179 et
673 1114 729 1177 rix
744 1116 894 1198 paulatim
911 1118 1023 1179 oculos
1038 1116 1080 1180 ad
1102 1117 1321 1180 contuendum

367 1219 492 1280 leonem
509 1218 638 1299 aperire.
676 1218 751 1281 Hoc
763 1239 797 1280 se
812 1218 921 1301 Apion
935 1219 969 1281 in
981 1219 1112 1281 urbanis
1128 1218 1321 1302 spectaculis

369 1318 483 1381 Romae
498 1318 615 1381 vidisse
630 1320 735 1397 refert,
750 1320 908 1405 adjiciens
932 1321 1010 1406 quia
1025 1332 1102 1384 tunc
1125 1321 1211 1384 sacta
1229 1321 1323 1403 quasi

369 1419 587 1500 recognitione
609 1430 730 1497 mutua,
744 1423 849 1501 laetos,
862 1423 979 1506 inquit,
995 1423 1120 1486 videres
1139 1434 1172 1486 et
1186 1424 1321 1503 gratula-

370 1519 499 1584 bundos
514 1522 640 1583 leonem
652 1533 685 1585 et
698 1522 873 1586 hominem.
911 1526 957 1588 Et
967 1524 1051 1588 hanc
1067 1527 1108 1587 ob
1121 1545 1200 1598 rem,
1213 1533 1245 1586 et
1257 1524 1323 1586 cla·

370 1642 475 1685 mores
487 1623 599 1706 populi
611 1625 782 1702 maximos,
793 1626 969 1689 accersitus
983 1636 1032 1690 est
1042 1626 1140 1689 homo
1152 1647 1172 1689 a
1183 1625 1323 1703 Caesare,

371 1735 403 1787 et
419 1744 515 1807 quare
528 1725 575 1786 illi
587 1726 643 1787 uni
654 1726 875 1790 atrocissimus
886 1729 938 1790 leo
952 1728 1141 1810 pepercerit,
1154 1727 1325 1808 diligenter

371 1825 542 1908 quaesitum
559 1837 616 1888 est.
660 1828 719 1890 Ille
735 1828 846 1911 utique
862 1849 927 1890 rem
943 1828 1110 1892 mirificam
1125 1849 1255 1891 narrans
1270 1827 1324 1890 ait

373 1927 480 1997 Quum
495 1927 693 2008 provinciam
705 1929 844 1992 Africam
858 1931 1077 2011 proconsulari
1087 1930 1222 2012 imperio
1235 1950 1326 1991 meus

373 2027 522 2089 dominus
538 2028 704 2106 obtineret,
716 2050 776 2111 ego
791 2030 836 2092 ibi
853 2031 972 2114 iniquis
987 2031 1068 2115 ejus,
1082 2041 1115 2094 et
1130 2030 1326 2115 quotidianis

373 2129 565 2207 verberibus,
584 2130 626 2193 ad
649 2131 757 2213 sugam
782 2144 914 2195 coactus
936 2153 1018 2212 sum,
1038 2144 1071 2198 et
1092 2154 1157 2216 quo
1179 2131 1259 2193 mihi
1280 2134 1325 2194 la-

372 2232 470 2295 tebrae
493 2240 584 2294 terrae
604 2232 690 2295 illius
710 2233 814 2297 forent
834 2255 854 2297 a
874 2234 1006 2297 domino
1026 2235 1169 2309 tutiores,
1184 2232 1219 2295 in
1239 2254 1324 2296 cam·

373 2354 486 2415 porum
510 2345 542 2396 et
563 2354 728 2397 arenarum
752 2335 944 2399 solitudines
967 2337 1123 2399 concessi.
1168 2337 1214 2399 Et
1235 2334 1327 2419 quasi

373 2435 462 2499 aliud
478 2435 644 2509 defuisset,
660 2436 830 2500 consilium
845 2438 906 2498 fuit
919 2455 1115 2518 quocunque
1133 2434 1230 2497 modo
1246 2457 1328 2498 mor-

375 2548 439 2601 tem
462 2547 579 2620 pctere.
617 2539 724 2609 Quum
746 2538 853 2620 itaque
874 2537 941 2599 sole
962 2534 1069 2598 medio
1090 2534 1201 2618 rapido
1224 2548 1256 2598 et
1270 2537 1327 2599 fla·

376 2639 488 2719 grand,
508 2636 666 2720 quandam
690 2657 748 2719 pro
770 2648 912 2717 tempore
936 2656 1065 2698 caveam
1087 2646 1200 2697 nactus
1223 2657 1326 2699 essem

373 2740 577 2814 latebrosam,
598 2738 630 2799 in
655 2758 724 2801 eam
752 2748 897 2821 penetr0,
918 2757 1035 2819 meque
1060 2736 1211 2800 reconde.
1255 2740 1327 2801 Nec

376 2838 477 2901 multo
493 2849 566 2920 post
583 2837 625 2901 ad
645 2837 783 2901 eundem
807 2858 939 2919 specum
960 2838 1047 2901 venit
1067 2837 1120 2900 hic
1136 2838 1201 2913 leo,
1217 2838 1327 2914 debili,

377 2950 409 3005 et
431 2952 574 3018 cruento,
596 2952 628 3003 et
651 2939 772 3003 crudeli
793 2939 889 3024 pede,
911 2940 1047 3021 gemitus
1067 2940 1168 3002 edens
1189 2952 1222 3003 et
1243 2962 1327 3004 mur-

377 3064 475 3117 mura,
503 3040 643 3104 dolorem
671 3042 910 3124 cruciatumque
939 3042 1078 3105 vulneris
1105 3041 1329 3123 ingemiscens,

378 3165 451 3208 cum
466 3143 649 3205 miserantia
663 3143 818 3206 auditoris
833 3144 861 3206 si
877 3144 949 3227 quis
964 3143 1099 3207 adesset.
1141 3146 1248 3229 Atque
1261 3146 1327 3208 illic

378 3246 480 3329 primo
504 3244 633 3328 quidem
656 3253 833 3327 conspectu
856 3243 1055 3307 advenientis
1077 3246 1181 3308 leonis
1202 3247 1329 3310 territus

378 3369 459 3425 sum,
483 3359 514 3410 et
536 3346 626 3429 quasi
648 3357 716 3409 toto
739 3346 846 3409 animo
871 3357 1104 3410 consternatus
1149 3345 1215 3411 Sed
1240 3357 1328 3431 post·

379 3472 476 3534 quam
496 3450 708 3529 introgressus
727 3450 788 3523 leo,
810 3449 858 3512 uti
875 3470 925 3512 res
944 3450 1016 3532 ipsa
1040 3450 1199 3533 apparuit,
1218 3451 1252 3512 in
1273 3451 1330 3514 ha-

379 3551 555 3614 bitaculum
571 3548 651 3611 illud
667 3571 772 3629 suum,
786 3570 836 3612 me
855 3549 943 3612 ridet
963 3551 1143 3631 ingressum
1159 3554 1282 3633 procul,
1297 3563 1330 3616 et

380 3652 631 3726 delitescentem,
655 3651 742 3713 mitis
765 3664 797 3714 et
819 3659 1006 3714 mansuetus
1031 3654 1177 3730 accessit,
1198 3663 1230 3716 et
1255 3655 1328 3717 sub·

379 3755 478 3815 latum
493 3749 608 3835 pedem
624 3750 792 3815 ostendere
808 3752 897 3830 mihi,
914 3762 946 3815 et
961 3753 1120 3834 porrigere
1134 3754 1206 3837 opis
1221 3755 1331 3836 gratia,

379 3853 467 3915 visus
490 3864 545 3915 est.
593 3850 658 3927 Ibi,
679 3853 796 3936 inquit,
818 3873 879 3934 ego
901 3854 1043 3937 stipitem
1065 3855 1239 3937 ingentem,
1262 3878 1330 3919 res·

379 3954 457 4035 tigio
488 3953 580 4035 pedis
608 3952 677 4036 ejus
705 3952 892 4030 haerentem,
921 3955 1046 4030 revulsi,
1077 3947 1332 4039 conceptamque

381 4055 503 4119 saniem
528 4054 657 4116 vulnere
682 4053 796 4115 intimo
823 4054 977 4138 expressi,
999 4056 1243 4137 accuratiusque
1263 4055 1330 4139 jam

383 4156 450 4219 sine
480 4176 597 4236 magna
625 4152 795 4218 formidine
826 4156 945 4219 siccavi
975 4156 1114 4237 penitus,
1139 4177 1332 4240 omnemque
1384 4201 1388 4208 ·

383 4257 497 4321 detersi
526 4278 680 4321 cruorem.
734 4259 793 4321 llle
824 4271 899 4321 tunc
930 4279 1000 4321 mea
1026 4279 1124 4341 opera
1149 4268 1182 4320 et
1206 4257 1332 4321 medela
