3384 5234
413 705 473 763 110
667 716 803 761 mamus
819 714 1099 763 saansamunusrs
1223 702 1308 776 [nin.
1323 720 1361 763 11.

347 900 352 920 ·
408 864 649 947 complectatur,
660 865 693 927 in
706 888 807 952 eoque
822 878 946 952 patrem
959 867 1113 931 luminum
1131 868 1288 951 sequitur,
1306 868 1360 931 sed

357 1014 360 1020 .
408 987 469 1028 non
482 965 629 1050 passibus
644 966 756 1052 aequis,
770 971 869 1052 quur'n
880 967 931 1030 hic
943 967 1063 1044 multis,
1079 966 1131 1030 ille
1144 990 1218 1030 vero
1233 968 1362 1032 omnino

407 1066 489 1130 nulli
503 1065 614 1132 ’motui
635 1068 793 1132 obnoxius
820 1070 870 1133 sit.
917 1072 1025 1147 Quum
1048 1093 1123 1133 vero
1151 1069 1363 1132 divinae‘sim-

408 1166 560 1252 plicitatis
577 1177 724 1253 aspectus
742 1166 984 1234 innumerabilia
999 1170 1139 1250 claudat,
1154 1192 1217 1233 nna
1233 1183 1358 1234 tantum

408 1283 467 1346 est,
490 1281 522 1333 et
544 1269 710 1333 individua
725 1270 903 1334 substantia
919 1272 1123 1356 praescientis,
1143 1271 1237 1356 eique
1258 1294 1359 1334 essen-

409 1369 525 1433 tialiter
538 1393 610 1445 una,
627 1392 726 1456 quum
738 1371 797 1434 sibi
814 1370 854 1435 sit
864 1370 947 1435 idem
958 1395 1035 1447 esse,
1047 1385 1079 1435 et
1095 1373 1267 1457 sapientem
1284 1395 1361 1435 esse.

408 1468 560 1554 Alioquin
581 1470 679 1554 fingat
695 1470 752 1555 qui
766 1483 882 1556 potest,
899 1472 971 1556 quis
986 1473 1054 1535 haec
1069 1472 1194 1536 diversa
1208 1473 1363 1557 conjunx-

408 1570 480 1642 erit,
496 1592 553 1634 nec
568 1570 671 1655 prima
691 1594 796 1635 rerum
815 1572 956 1635 omnium
973 1596 1066 1638 causa
1081 1573 1152 1650 erit,
1168 1596 1242 1657 quae
1258 1586 1293 1637 ut
1310 1574 1360 1646 sit,

409 1672 640 1757 conjunctionis
665 1670 857 1737 adminiculo
883 1687 964 1756 eget.
1010 1678 1176 1740 Creaturae
1202 1698 1276 1737 vero
1303 1675 1360 1737 sci-

410 1774 507 1851 entia,
519 1772 613 1859 longe
624 1773 760 1859 disparis
771 1774 959 1838 conditionis
970 1788 1028 1840 est.
1060 1776 1194 1862 Spiritui
1206 1774 1358 1861 siquidem

410 1889 442 1939 et
458 1876 572 1940 animae
586 1899 648 1940 non
671 1888 718 1940 est
741 1876 825 1941 idem
841 1898 919 1953 esse,
942 1892 974 1941 et
986 1878 1133 1941 scientem
1157 1901 1234 1952 esse,
1258 1898 1360 1962 quum

409 1976 515 2040 anima
539 1976 728 2062 disponatur
753 1978 793 2041 ad
819 1979 1032 2063 cognitionem
1058 2002 1177 2053 rerum,
1204 2001 1304 2063 eaque
1332 1980 1359 2041 si

410 2075 550 2141 radicata
561 2076 667 2154 fuerit,
684 2098 732 2155 ut,
748 2080 852 2163 primo
867 2078 1040 2143 affectionis
1056 2091 1143 2142 motu
1153 2077 1359 2151 invalescens,

409 2190 467 2242 aut
495 2180 634 2258 omnino,
660 2193 717 2245 aut
747 2180 813 2244 sine
838 2180 956 2266 injuria
985 2193 1110 2244 naturae
1135 2178 1270 2241 convelli
1295 2201 1360 2241 non

410 2281 522 2365 possit,
545 2280 657 2345 habitu
683 2304 741 2346 suo
766 2281 916 2346 informat
946 2281 1094 2360 animam,
1115 2279 1277 2363 faciatque
1302 2281 1361 2342 sci-

410 2394 524 2447 entem.
569 2384 635 2447 Hic
653 2405 731 2467 ergo
750 2382 890 2459 habitus,
905 2382 1078 2447 rectissime
1100 2379 1229 2445 scientia
1250 2379 1361 2465 appel-

410 2480 507 2560 latur,
522 2482 596 2549 licet
611 2496 642 2548 et
657 2506 707 2549 res
723 2484 874 2571 subjecta
888 2482 1049 2549 interdum
1073 2482 1211 2547 scientia
1233 2482 1360 2545 nomine

411 2596 608 2649 censeantur.
653 2583 750 2651 Unde
771 2596 803 2650 et
828 2582 963 2649 vicissim
990 2583 1171 2647 nominibus
1192 2583 1358 2657 mutuatis,

410 2685 498 2771 quod
523 2686 617 2751 unius
638 2699 698 2762 est,
722 2687 834 2751 transit
857 2686 897 2750 ad
921 2684 1065 2749 alterum.
1112 2684 1163 2747 Sic
1189 2686 1304 2768 utique
1328 2697 1360 2747 et

411 2786 542 2850 scientia
553 2786 669 2851 dicitur
690 2786 802 2863 multa,
818 2809 919 2872 quum
933 2799 1038 2850 tamen
1049 2782 1233 2859 multitudo,
1255 2806 1361 2847 rerum

411 2887 629 2972 potiusquam
651 2888 789 2952 scientiae
804 2888 855 2952 sit.
901 2887 934 2950 Si
954 2909 1031 2972 ergo
1046 2884 1208 2970 sapientiae
1223 2884 1283 2949 Dei
1305 2884 1362 2948 im-

410 2988 559 3053 mensitas
573 3004 606 3053 et
621 2989 806 3075 simplicitas
825 2988 1021 3062 attendatur,
1039 3011 1103 3052 una
1116 3000 1164 3052 est
1179 2986 1313 3072 simplex
1328 3000 1360 3051 et

411 3087 586 3155 individua.
626 3092 660 3155 Si
676 3091 908 3177 subjacentium
929 3089 1116 3167 multitudo,
1131 3087 1299 3171 multiplex
1313 3100 1360 3151 est

412 3201 445 3251 et
470 3192 683 3256 multiformis.
731 3192 781 3256 Sic
812 3192 906 3255 etiam
934 3191 959 3254 si
987 3189 1195 3256 substantiam
1226 3187 1361 3253 volentis

411 3302 468 3354 aut
483 3293 620 3377 potentis
644 3315 708 3377 qua
730 3293 811 3367 vult,
829 3305 886 3355 aut
901 3303 1018 3377 potest,
1039 3290 1198 3364 attendas,
1222 3313 1286 3353 una
1310 3304 1358 3355 est

411 3390 558 3455 voluntas
580 3403 612 3453 et
633 3403 785 3474 potestas·
830 3390 864 3455 Si
891 3412 963 3474 quac
989 3389 1060 3453 vult
1085 3403 1117 3453 et
1144 3412 1217 3473 quae
1242 3402 1358 3476 potest,

411 3489 554 3554 infinitus
575 3487 717 3552 omnium
738 3510 889 3551 numerus
910 3501 976 3566 est3
1001 3490 1100 3573 juxta
1120 3488 1201 3552 illud
1223 3489 1359 3574 prophe-

410 3588 521 3666 ticum,
545 3593 686 3673 Magnus
712 3592 872 3655 Dominus
897 3602 929 3654 et
955 3612 1070 3675 magna
1093 3590 1196 3654 virtus
1218 3592 1299 3675 ejus,
1326 3603 1358 3652 et

411 3688 573 3775 sapientiae
594 3691 664 3776 ejus
686 3714 748 3755 non
771 3703 819 3755 est
845 3711 1004 3755 numerus.
1051 3692 1209 3776 Itemque,
1238 3691 1362 3773 Magna

411 3813 508 3877 opera
530 3791 673 3869 Domini,
695 3792 858 3877 exquisita
883 3792 914 3855 in
941 3814 1048 3855 omnes
1072 3790 1253 3854 voluntates
1279 3791 1359 3874 ejus.

412 3895 457 3957 Et
468 3891 559 3974 illud,
571 3893 650 3971 Quis
660 3892 809 3979 loquetur
818 3895 977 3981 potentias
989 3892 1139 3957 Domini?
1163 3894 1245 3957 Haec
1254 3906 1359 3956 autem

411 4016 461 4059 res
484 3995 649 4060 uniformis
670 4010 702 4061 et
723 3996 821 4071 varia,
846 3996 920 4061 licet
944 3996 1043 4060 totius
1066 3994 1224 4059 varietatis
1250 3994 1360 4077 ignara

412 4098 464 4177 sit,
480 4098 574 4163 variis
595 4110 698 4162 tamen
721 4097 900 4162 nominibus
920 4098 1112 4183 appellatur,
1128 4096 1182 4161 sed
1206 4118 1245 4160 ex
1265 4096 1361 4159 variis

412 4200 522 4265 causis.
569 4200 707 4267 Scientia
729 4200 887 4286 siquidem
908 4213 940 4265 et
962 4199 1169 4285 praescientia,
1186 4197 1363 4283 dispositio,

412 4304 624 4390 providentia,
645 4315 677 4367 et
700 4302 937 4389 praedestinatio
959 4302 1170 4367 nominantur.
1218 4302 1279 4365 Sed
1303 4299 1360 4363 sci-
