3384 5234
338 730 408 775 oar.
425 715 473 789 v.]
680 728 936 775 ronronamcns.
1226 720 1287 778 231
1367 736 1369 748 ·

337 878 510 964 suscipiens
524 878 637 957 filium,
654 878 830 941 Ismaelem.
877 879 980 943 Jacob
1001 864 1129 964 quoque
1144 902 1287 946 sororum
1330 935 1333 940 .

336 979 395 1042 sibi
410 978 575 1064 duplicato
597 979 758 1064 conjugio,
779 978 945 1042 foecnndas
967 979 1137 1044 earundem
1160 981 1289 1047 ancillas

336 1080 479 1144 adscivit.
525 1079 631 1165 Atqui
643 1102 732 1163 reges
743 1090 907 1165 perpetuae
922 1080 1144 1164 prohibitionis
1155 1081 1206 1168 laq
1213 1106 1290 1147 neus

337 1191 434 1252 tenet,
448 1193 480 1244 et
492 1204 510 1243 a
521 1179 662 1266 plurium
676 1201 807 1242 uxorem
820 1179 1023 1263 amplexibus
1034 1193 1130 1256 arcet,
1142 1191 1175 1245 et
1190 1205 1289 1268 quum

337 1280 369 1343 in
391 1281 461 1344 aliis
483 1281 590 1367 plures
612 1281 706 1344 unius
733 1302 800 1345 esse
822 1279 945 1344 licitum
975 1281 1083 1359 fuerit,
1105 1281 1137 1344 in
1160 1283 1290 1367 regibus

337 1394 493 1467 perpetuo
505 1383 638 1459 obtinet,
651 1395 687 1445 ut
702 1404 765 1445 una
775 1382 870 1446 unius
881 1381 931 1445 sit.
956 1387 987 1446 N
991 1383 1114 1469 unquid
1130 1384 1290 1464 fornicari,

339 1482 387 1544 vel
402 1482 586 1558 adulterari,
603 1496 792 1568 stuprumve
807 1483 1006 1547 committere
1015 1482 1090 1547 licet
1101 1506 1173 1547 cum
1190 1485 1291 1570 pluri·

339 1584 411 1657 bus,
426 1604 527 1668 quum
543 1606 600 1646 nec
614 1583 709 1649 etiam
724 1584 849 1668 generis
864 1584 1101 1671 multiplicandi
1115 1608 1221 1664 causa,
1236 1601 1292 1653 aut

339 1685 526 1770 procreandi
549 1684 691 1761 heredes,
708 1684 801 1749 liceat
822 1685 977 1749 uxoribus
993 1686 1181 1751 admisceri?
1206 1692 1292 1763 Quo-

340 1785 435 1848 modo
462 1772 585 1870 stupra,
611 1785 780 1863 adulteria,
804 1797 860 1849 aut
887 1786 1046 1872 quaslibet
1070 1787 1292 1853 fornicationes

340 1885 453 1969 puniet
484 1898 624 1969 potestas
654 1886 770 1949 eisdem
798 1884 941 1968 subjecta
969 1889 1179 1954 criminibus?
1225 1891 1293 1953 Nec

341 2010 454 2052 uxores
477 1986 583 2050 David
614 1986 783 2071 quisquam
806 1987 947 2073 objiciat,
969 1988 1026 2073 qui
1048 1990 1131 2053 forte
1160 1990 1192 2053 in
1222 1990 1292 2066 hoc,
1329 2018 1335 2034 ⁴

341 2089 422 2152 sicut
446 2087 534 2152 etin
561 2087 672 2152 multis
697 2087 778 2164 aliis,
804 2088 932 2172 speciali
963 2088 1129 2175 privilegio
1158 2090 1292 2177 gaudet.

342 2190 433 2253 Licet
455 2188 548 2253 facile
570 2188 786 2265 concesserim,
811 2190 898 2275 quod
921 2203 953 2255 et
974 2190 1043 2276 ipse
1064 2192 1097 2254 in
1120 2192 1179 2257 hac
1201 2206 1293 2279 parte

341 2289 521 2375 deliquerit.
568 2290 649 2351 Sane
661 2311 734 2352 eum
745 2288 878 2353 affectus
890 2288 942 2353 ille
956 2292 1101 2372 uxorius
1113 2293 1293 2377 proditione

341 2403 374 2454 et
389 2389 569 2464 homicidio,
586 2391 619 2453 in
635 2389 830 2455 adulterium
853 2390 996 2477 impegit,
1013 2416 1070 2456 nec
1090 2393 1121 2456 in
1138 2394 1224 2461 illius
1239 2419 1295 2459 ex·

341 2493 502 2557 cusatione
526 2493 646 2572 laboro,
676 2491 733 2577 qui
763 2491 950 2576 prophetica
976 2505 1150 2556 conventus
1170 2510 1202 2560 et
1222 2519 1296 2560 con-

341 2592 444 2657 victus
459 2593 622 2678 parabola,
639 2592 777 2677 seipsum
794 2590 898 2652 virum
916 2591 1027 2655 mortis
1042 2612 1108 2653 esse
1118 2593 1295 2676 respondit.

344 2694 455 2759 Habes
469 2694 578 2778 itaque
594 2714 712 2776 regem,
727 2713 798 2755 cum
821 2691 950 2774 regibus
980 2691 1239 2777 delinquentem
1263 2707 1295 2759 et

343 2796 466 2858 utinam
488 2816 561 2857 cum
584 2794 757 2879 poenitente
779 2793 966 2879 poeniteant,
988 2806 1020 2859 et
1042 2794 1203 2861 fateantur
1221 2818 1295 2860 cum

344 2896 516 2958 confitente
534 2893 673 2979 culpam,
691 2907 723 2958 et
744 2893 971 2958 satisfacientes
993 2917 1067 2959 eum
1086 2894 1297 2961 satisfaciente

344 3005 546 3058 revertantur
560 2995 602 3057 ad
617 2995 726 3059 vitam.
750 2999 857 3080 Ipsam
870 3018 1000 3081 quoque
1011 2994 1196 3081 sapientiam
1211 2997 1298 3061 Salo-

344 3093 446 3157 monis
460 3094 629 3159 mulierum
643 3094 813 3159 infatuavit
830 3117 928 3160 amor.
967 3096 1135 3180 Sequitur:
1158 3101 1227 3161 Nec
1241 3098 1298 3162 ha·

344 3194 433 3259 bebit
445 3198 567 3279 argenti
577 3208 608 3259 et
620 3194 690 3258 auri
702 3194 853 3259 immensa
861 3195 1012 3279 pondera.
1056 3198 1142 3260 Eant
1154 3219 1250 3275 nuuc,
1266 3212 1298 3263 et

346 3294 485 3359 Domino
499 3294 700 3379 prohibente,
712 3308 880 3377 argentum
897 3294 956 3358 sibi
973 3307 1004 3359 et
1016 3317 1130 3359 aurum
1143 3296 1298 3360 thesauri·

346 3413 430 3473 nent,
442 3396 593 3459 facientes
603 3418 643 3460 ex
652 3395 988 3480 calumniaquaestum,
1000 3396 1039 3460 de
1051 3400 1297 3483 paupertatibus

345 3498 479 3560 aliorum
495 3496 723 3560 abundantiam
745 3511 904 3582 quaerant,
919 3496 959 3560 de
974 3498 1093 3584 rapinis
1114 3499 1250 3580 divitias,
1265 3516 1298 3566 et

346 3599 539 3684 singularem
563 3597 623 3661 sibi
644 3598 875 3662 beatitudinem
900 3610 1042 3663 statuant
1064 3600 1097 3663 in
1120 3600 1299 3667 calamitate

346 3700 534 3766 multorum.
580 3700 643 3764 Sed
674 3700 795 3785 copiam
827 3700 1004 3765 Salomonis
1032 3701 1143 3787 objicit
1173 3703 1298 3789 aliquis.

348 3806 438 3883 Esto,
463 3802 640 3888 principem
665 3800 857 3885 locupletem
885 3802 953 3865 fieri
978 3826 1040 3866 non
1056 3804 1221 3886 prohibeo,
1245 3805 1300 3869 sed

347 3925 486 3967 avarum.
502 3905 616 3967 Nonne
627 3924 742 3966 aurum
751 3914 783 3966 et
792 3914 961 3986 argentum
975 3902 1149 3967 Salomonis
1159 3917 1301 3990 tempore

348 4004 534 4070 viluerunt?
558 4006 630 4068 Non
655 4004 768 4089 utique
784 4003 961 4082 viluissent,
977 4006 1003 4067 si
1026 4028 1135 4069 eorum
1151 4006 1303 4070 immensa

348 4106 498 4187 pondera,
522 4119 554 4170 et
577 4129 648 4192 quae
673 4127 767 4168 usum
788 4104 988 4184 excederent,
1005 4106 1065 4170 sibi
1083 4128 1140 4168 rex
1163 4106 1303 4192 cupidus

350 4211 564 4289 congessisset.
611 4209 765 4270 Potuerat
791 4229 828 4269 ea
847 4206 881 4269 in
907 4219 1023 4270 terram
1045 4207 1219 4288 defodiens,
1238 4231 1305 4292 quo

349 4304 474 4368 cariora
498 4306 622 4386 fierent,
641 4306 790 4371 humanis
813 4307 926 4371 usibus
951 4305 1157 4371 subtraxisse.
1204 4307 1306 4392 Apud
