3384 5234
433 689 475 745 64
693 698 830 743 Jouurus
846 696 1125 743 saansnsnmusrs
1253 679 1333 759 [nm.
1349 699 1385 745 11.

431 847 546 913 audeat
557 852 587 911 ?”
612 850 743 926 Quoties
757 872 835 935 ergo
846 850 893 913 sol
904 850 936 913 in
949 848 1030 912 coelo
1044 848 1198 932 geminari
1211 849 1386 932 videbitur,

430 950 668 1016 inundationem
685 973 841 1037 aquarum
858 952 1021 1037 subjectus
1036 951 1121 1015 orbis
1135 963 1306 1037 exspectet.
1337 956 1382 1017 Et

430 1051 503 1115 licet
519 1075 537 1115 a
553 1053 683 1117 raritate
705 1054 765 1133 sui,
782 1054 942 1117 miraculis
958 1054 1105 1118 videatur
1127 1054 1286 1132 accedere,
1300 1078 1382 1139 opus

431 1165 536 1217 tamen
559 1165 681 1218 naturae
702 1166 760 1228 est,
778 1177 853 1240 quae
872 1153 1002 1240 quidem
1026 1155 1122 1219 solem
1145 1178 1209 1219 non
1229 1157 1380 1239 geminat,

431 1252 485 1319 sed
509 1254 626 1318 nubem
657 1254 845 1319 simillimam
877 1256 965 1337 facit,
987 1269 1185 1343 vocaturque
1206 1256 1381 1343 parhelion.

431 1360 492 1424 Est
515 1362 597 1423 enim
613 1358 776 1445 parhelion
793 1359 895 1424 nubes
910 1358 1068 1424 simillima
1083 1360 1152 1438 soli,
1168 1361 1295 1446 signum
1310 1359 1382 1445 qui-

388 1448 390 1452 ⁷
430 1461 502 1527 dem
519 1484 685 1526 commune
707 1462 827 1539 multis,
844 1462 903 1527 etsi
923 1486 984 1527 non
1008 1463 1165 1548 generale.
1212 1463 1380 1549 Signorum

432 1564 590 1652 siquidem
617 1564 679 1629 alia
703 1564 919 1650 particularia,
943 1564 1006 1629 alia
1035 1564 1234 1630 universalia.
1281 1564 1383 1630 Parti-

431 1666 550 1732 cularia
572 1689 647 1730 vero
669 1665 790 1730 faciunt
813 1665 957 1750 singulis,
980 1666 1170 1731 universalia
1192 1666 1301 1730 multis
1326 1677 1382 1731 aut

431 1768 595 1833 universis.
641 1769 788 1853 Utraque
809 1781 928 1844 atatem,
944 1769 1039 1832 modo
1061 1792 1100 1832 ex
1124 1769 1296 1847 elementis,
1319 1769 1383 1833 dis·

431 1870 586 1955 positione
606 1869 765 1946 creatoris,
781 1868 877 1932 modo
896 1891 936 1932 ex
957 1882 1072 1933 natura
1091 1893 1207 1949 rerum,
1227 1870 1322 1934 modo
1342 1893 1382 1935 ex

432 1970 553 2035 malitia
589 1971 783 2045 daemonum,
821 1970 964 2035 homines
1001 1971 1141 2035 Domino
1178 1972 1382 2057 permittente

430 2071 677 2149 ludificantium,
693 2075 860 2157 provenire
875 2072 1036 2137 dicuntur.
1076 2072 1138 2136 Sed
1154 2096 1239 2158 quae,
1255 2085 1286 2135 et
1302 2097 1382 2158 quo-

376 2241 378 2245 ,
428 2172 535 2251 modo,
549 2195 654 2259 quave
669 2172 709 2237 de
728 2196 834 2251 causa,
853 2173 1011 2259 judicium
1029 2173 1159 2257 quidem
1175 2172 1301 2237 difficile
1323 2187 1383 2253 est,

429 2287 460 2339 et
483 2275 668 2360 frequenter
688 2276 855 2350 incertum,
879 2286 910 2338 et
933 2296 1018 2358 saepe
1040 2272 1146 2352 altius,
1162 2296 1257 2358 quam
1280 2287 1317 2339 ut
1340 2274 1381 2339 ab

428 2378 556 2441 homine
570 2376 674 2440 valeat
688 2375 844 2460 expediri.
875 2374 933 2438 Eis
948 2386 1053 2438 tamen
1068 2373 1223 2438 licentiori
1239 2376 1380 2440 vanitate

427 2476 724 2542 mathematicorum
740 2477 851 2543 referti
866 2488 940 2541 sunt
955 2474 1038 2539 libri.
1083 2475 1203 2539 AEneas

532 2594 620 2647 Matre
632 2595 682 2647 dea
693 2600 853 2648 monstrante
864 2595 942 2659 viam,
954 2594 1016 2646 data
1027 2591 1083 2645 fata
1095 2598 1212 2645 secutum

428 2721 461 2762 se
476 2700 599 2776 asserit,
616 2722 653 2761 eo
673 2698 761 2784 quod
781 2699 958 2784 egredienti
980 2696 1122 2775 Lucifer,
1139 2696 1243 2782 quiet
1261 2700 1378 2777 Venus,

428 2800 528 2864 donec
542 2802 583 2865 ad
600 2799 726 2864 Italiam
743 2801 934 2886 perveniret,
949 2798 1097 2885 apparuit
1112 2799 1300 2884 auspicanti.

533 2914 658 2968 Defectus
670 2915 731 2968 solis
743 2916 835 2981 varios,
846 2915 966 2983 lunaeque
977 2913 1089 2977 labores,

426 3042 532 3084 rerum
548 3019 714 3085 eventibus
728 3019 895 3084 curiositas
908 3018 1047 3083 humana
1061 3031 1198 3105 coaptat.

485 3259 565 3343 Cap.
581 3268 611 3324 4,
634 3262 687 3323 De
702 3264 804 3341 signis
820 3281 897 3342 quae
907 3267 1145 3341 praecesserunt
1158 3262 1315 3324 motatum

619 3362 951 3440 Hierosolymltonum
967 3364 1183 3425 novissimum.

467 3492 585 3553 Varus
614 3489 712 3551 refert
738 3488 871 3552 historia
888 3488 949 3568 (sic
972 3490 1058 3556 dicta
1081 3492 1166 3577 quod
1194 3504 1241 3557 est
1265 3504 1376 3557 auctor

424 3588 493 3672 ejus
509 3587 657 3668 incertus,
669 3601 700 3653 et
712 3601 819 3653 vetera
834 3590 947 3674 refert)
960 3591 1048 3677 quod
1061 3594 1244 3658 imminente
1260 3595 1376 3657 Hiero·

425 3687 619 3773 solymorum
642 3690 777 3769 excidio,
793 3692 918 3777 eclipsis
933 3693 1017 3759 lunae
1040 3718 1096 3782 per
1118 3694 1285 3759 duodecim
1301 3715 1375 3757 noc·

423 3803 472 3855 tes
487 3788 653 3854 continuas
665 3791 758 3858 etiam
771 3796 804 3858 in
816 3795 1034 3860 remotissimis
1050 3797 1127 3862 locis
1138 3805 1300 3881 protracta
1315 3807 1375 3872 est,

422 3890 507 3955 forte
537 3891 716 3977 significans
746 3896 892 3961 Judaicae
921 3898 1074 3984 perfidiae,
1103 3910 1134 3961 et
1165 3894 1373 3979 superstitiosi

423 3992 537 4056 erroris
559 3997 761 4078 eversionem,
782 4022 868 4085 quac,
889 3999 1018 4064 Christo
1039 4022 1095 4084 per
1115 3994 1371 4083 praedicationem

424 4094 641 4180 Apostolicam
667 4100 786 4163 mundo
806 4101 1016 4176 illucescente,
1033 4098 1204 4162 rectissime
1226 4097 1370 4178 contigit.

426 4196 587 4281 Scriptum
603 4212 650 4262 est
661 4200 759 4264 enim:
778 4201 904 4267 Stultus
919 4212 1062 4263 mutatur
1078 4215 1113 4261 ut
1132 4198 1237 4278 Luna,
1249 4198 1372 4283 sapiens

423 4320 498 4363 vero
512 4321 583 4364 cum
597 4299 669 4365 Sole
683 4315 852 4386 permanet.
885 4300 959 4365 Alia
974 4322 1104 4385 quoque
1115 4322 1212 4385 quam
1226 4299 1374 4385 plurima,
