3384 5234
389 709 450 773 104
652 724 791 769 scaurus
806 726 1086 770 snusssmususrs
1205 709 1285 787 [us.
1303 727 1342 771 ιι.»

390 874 565 961 majestatis
579 875 731 959 potentia,
750 898 889 960 eumque
905 875 1068 960 sapientiae
1087 897 1152 938 suae
1176 877 1296 939 virtute
1311 888 1343 939 et

389 975 601 1040 immensitate
623 976 785 1049 formavit,
808 990 839 1040 et
863 977 1013 1055 firmavit,
1035 991 1065 1040 et
1083 974 1119 1039 ut
1137 977 1164 1039 ei
1182 988 1245 1041 tam
1269 978 1343 1041 sub·

390 1078 538 1142 stantiam
562 1100 661 1162 quam
691 1077 825 1139 formam
849 1078 1015 1151 conferret,
1046 1078 1111 1141 sola
1139 1078 1270 1142 inducta
1296 1090 1344 1141 est

390 1180 543 1242 bonitate.
589 1183 708 1243 Verum
738 1178 954 1242 mathematici
984 1178 1031 1241 vel
1062 1179 1240 1263 planetarii,
1265 1179 1343 1242 dum

391 1280 595 1366 professionis
609 1301 675 1343 suae
684 1280 858 1365 potentiam
871 1280 1004 1344 dilatare
1015 1280 1174 1357 nituntur,
1185 1280 1216 1342 in
1229 1283 1345 1343 erroris

390 1394 423 1446 et
439 1381 611 1466 impietatis
621 1381 785 1445 mendacia
796 1381 1058 1466 perniciosissime
1069 1392 1234 1445 corruunt.
1278 1381 1345 1443 Nec

392 1484 617 1568 cujuscunque
639 1483 718 1547 artis
740 1484 851 1567 regula
873 1497 1017 1547 servatur
1046 1482 1155 1563 illaesa,
1185 1482 1244 1545 nisi
1268 1481 1346 1544 dum

391 1584 476 1647 infra
497 1584 617 1669 proprii
641 1586 766 1669 generis
789 1585 943 1649 ambitum
967 1585 1146 1661 cohibetur,
1170 1584 1345 1670 praesertim

394 1707 494 1770 quum
513 1687 612 1772 juxta
628 1687 812 1770 sapientem,
827 1688 979 1770 frequens
994 1686 1034 1749 sit
1056 1686 1177 1771 aliquid
1193 1699 1284 1749 extra
1299 1707 1347 1747 re·

393 1787 501 1871 gulam
525 1786 669 1850 inveniri.
714 1788 826 1850 Omnis
848 1786 964 1850 etenim
988 1789 1101 1870 regula
1123 1787 1217 1850 alicui
1239 1785 1347 1872 generi

396 1910 500 1950 rerum
518 1886 754 1951 accommodata
763 1901 820 1951 est.
868 1888 900 1950 Si
913 1910 986 1950 vero
996 1889 1184 1952 traducatur
1196 1888 1235 1951 ad
1248 1886 1347 1964 aliud,

398 1989 504 2052 statim
526 1990 557 2050 in
582 1989 745 2051 veritatem
761 1988 911 2072 impingit
930 1989 1100 2053 obnoxiam
1121 1989 1266 2052 falsitati.
1314 1989 1347 2051 Si

395 2112 471 2173 ergo
486 2089 700 2153 mathematici
711 2087 886 2174 probabilis
910 2089 1095 2165 matheseos,
1108 2090 1139 2152 id
1156 2103 1215 2166 est,
1231 2089 1349 2153 doctri-

396 2193 477 2255 nalis
487 2192 657 2256 essentfine
667 2192 818 2268 contenti,
831 2204 862 2255 et
876 2215 980 2255 veram
992 2204 1120 2277 possent
1128 2193 1252 2277 assequi
1264 2191 1348 2276 posi·

397 2292 512 2357 tionem
536 2293 710 2370 stellarum,
732 2305 763 2357 et
782 2317 821 2361 ex
846 2293 945 2377 signis
963 2294 1028 2356 suis
1050 2293 1153 2356 sobria
1170 2292 1349 2356 eruditione

398 2392 571 2459 secundum
604 2394 692 2485 quod
724 2392 911 2457 naturaliter
941 2393 1132 2478 proveniunt
1161 2392 1348 2477 qualitatem

398 2494 544 2579 praescire
565 2508 756 2581 temporum,
779 2507 810 2557 et
832 2493 1055 2579 speculationis
1076 2515 1143 2557 suoe
1158 2493 1351 2579 jucundissi-

399 2596 777 2681 mumcarperefructum.
803 2600 912 2669 Quum
926 2619 999 2659 vero
1008 2596 1141 2660 dilatant
1153 2593 1352 2681 phylacteria

400 2710 503 2764 suaet
520 2697 724 2781 magnificant
744 2697 897 2777 fimbrias,
913 2697 989 2760 dum
1012 2697 1304 2761 constellationibus
1320 2710 1352 2760 et

400 2798 536 2883 planetis
551 2797 684 2866 nimium
708 2797 834 2866 virtutis
857 2797 1055 2872 adscribunt,
1071 2799 1116 2861 eis
1133 2799 1240 2863 nescio
1255 2820 1351 2882 quarn

400 2900 620 2966 auctoritatem
643 2922 776 2985 operum
805 2899 1030 2979 adscribentes,
1054 2900 1085 2963 in
1107 2900 1259 2964 creatoris
1280 2922 1354 2986 pro-

402 3014 558 3086 rumpunt
587 3000 759 3087 injuriatu3
784 3014 816 3065 et
845 3001 924 3064 dum
947 3002 1087 3069 coelestia
1116 3025 1190 3087 quae
1217 3013 1353 3064 tractant

403 3100 442 3162 ad
465 3102 667 3165 sobrietatem
689 3125 751 3165 non
776 3103 916 3186 sapiunt,
934 3104 1032 3189 juxta
1055 3101 1242 3189 Apostolum
1264 3100 1354 3164 stulti

404 3215 487 3265 sunt.
534 3202 615 3264 Vide
646 3204 677 3265 in
708 3218 862 3288 quantam
887 3206 1002 3269 erroris
1025 3205 1187 3289 abyssum,
1215 3205 1255 3267 ab
1279 3202 1355 3287 ipsis

403 3302 585 3366 coelestibus
600 3303 724 3367 cadant.
770 3303 1073 3367 Constellationibus
1088 3306 1151 3369 suis
1171 3304 1356 3367 adscribunt

406 3405 521 3465 omnia.
567 3407 618 3465 Tu
633 3402 749 3464 videris
764 3423 802 3464 an
820 3403 876 3462 fiat
892 3403 921 3463 ei
937 3405 1065 3487 injuria,
1083 3404 1138 3489 qui
1155 3406 1229 3467 fecit
1240 3406 1355 3467 coelum

404 3519 436 3565 et
464 3516 578 3565 terram
605 3515 636 3563 et
659 3500 766 3562 omnia
791 3522 865 3583 quae
891 3500 923 3561 in
948 3502 992 3563 eis
1016 3516 1099 3565 sunt.
1146 3504 1270 3566 Deinde
1287 3528 1355 3568 eam

405 3601 601 3666 constellatio
616 3602 711 3663 rebus
722 3601 940 3665 necessitatem
956 3602 1078 3677 indicit,
1096 3618 1131 3667 ut
1147 3605 1270 3666 arbitrii
1286 3628 1357 3687 per-

405 3703 483 3766 imat
506 3702 695 3765 libertatem.
741 3706 790 3766 An
814 3714 845 3764 et
869 3701 929 3765 hoc
958 3716 1053 3781 recte,
1075 3716 1180 3766 tecum
1204 3702 1355 3766 delibera.

408 3805 461 3868 Ad
482 3816 601 3867 tantam
625 3802 763 3886 denique
785 3801 916 3886 quidam
940 3826 1110 3889 pervenere
1134 3804 1302 3880 vesaniam,
1321 3818 1357 3868 ut

409 3931 448 3971 ex
464 3906 596 3969 diversis
612 3891 774 3969 stellarum
789 3903 1002 3988 positionibus
1016 3904 1122 3968 dicant
1135 3905 1303 3987 imaginem
1316 3907 1358 3968 ab

409 4009 535 4075 homine
548 4030 638 4091 posse
649 4005 791 4081 formari,
802 4025 875 4088 quae
890 4004 915 4066 si
925 4028 983 4091 per
993 4005 1158 4069 intervalla
1170 4018 1360 4091 temporum,

409 4127 441 4177 et
470 4110 608 4197 quadam
638 4109 758 4172 ratione
787 4107 1029 4193 proportionum
1060 4109 1091 4170 in
1122 4107 1359 4173 constellatione

411 4214 707 4284 servataformetur,
722 4209 884 4273 stellarum
891 4225 970 4273 nutu
980 4210 1108 4295 recipiet
1121 4211 1265 4296 spiritum
1275 4211 1360 4291 vitae,

411 4331 443 4382 et
458 4312 693 4381 consulentibus
708 4310 840 4376 occultae
857 4311 999 4375 veritatis
1011 4312 1223 4405 matrifestabit
1239 4336 1358 4377 arcana.
1401 4385 1407 4396 ,
