3384 5234
430 647 471 705 66
674 656 811 701 rasurus
826 656 1103 703 sanasnnarnusrs
1244 643 1325 722 [tm.
1344 659 1381 702 u.

433 832 488 896 per
511 820 615 872 totum
636 830 765 872 annum.
812 808 874 871 Sed
900 822 932 873 et
955 821 1028 873 ante
1051 808 1166 873 excidii
1191 824 1317 897 tempus
1342 832 1379 872 ac

433 906 519 985 belli,
530 931 630 994 quum
643 908 756 994 populi
768 910 809 972 ad
821 910 905 973 diem
916 912 1033 975 festum
1042 910 1256 987 convenirent,
1266 924 1379 974 octavo

432 1009 483 1073 die
498 1010 615 1073 mensis
639 1009 805 1086 Xanthioi,
820 1015 877 1096 qui
897 1025 944 1075 est
962 1011 1094 1097 Aprilis,
1111 1011 1211 1075 noctis
1227 1025 1381 1096 tempore,

432 1114 510 1176 bora
533 1134 616 1175 nona
641 1125 748 1176 tantus
773 1112 901 1176 luminis
922 1113 1029 1197 fulgor
1050 1136 1138 1177 aram
1160 1113 1379 1198 templumque

431 1212 653 1289 circumdedit,
683 1228 720 1278 ut
746 1227 896 1299 putarent
924 1237 1033 1278 omnes
1061 1214 1144 1279 diem
1174 1214 1380 1279 clarissimum

433 1318 566 1396 factum,
586 1331 617 1382 et
647 1317 819 1404 permansit
843 1319 946 1404 spatio
974 1318 1060 1382 borae
1089 1319 1241 1383 dimidiae.
1285 1318 1381 1392 Quod

431 1420 587 1506 imperitis
617 1419 745 1507 quidem
777 1434 807 1485 et
833 1420 953 1505 ignaris
981 1444 1168 1507 prosperum
1191 1421 1378 1485 videbatur:

433 1523 487 1587 sed
505 1523 711 1609 legisperitos,
723 1535 754 1586 et
766 1523 884 1608 probos
899 1547 1045 1610 quosque
1054 1524 1199 1589 doctores
1213 1547 1275 1590 non
1286 1524 1382 1588 latuit

433 1625 560 1689 exitiale
590 1638 784 1710 portentum.
841 1626 880 1688 ln
911 1625 1021 1687 eadem
1051 1649 1181 1712 quoquc
1208 1625 1382 1691 festivitate

433 1727 535 1792 vitula
550 1727 708 1791 sacrificiis
730 1727 870 1803 admota,
891 1740 923 1790 et
943 1728 1006 1791 aris
1025 1732 1183 1806 assistens,
1199 1730 1282 1792 inter
1296 1729 1381 1814 ipsas

433 1829 648 1893 ministrorum
670 1851 782 1893 manus
801 1828 895 1892 enixa
914 1846 961 1893 est
982 1852 1107 1913 agnam.
1154 1831 1216 1894 Sed
1232 1845 1263 1895 et
1280 1833 1382 1917 janua

434 1930 593 1995 interioris
616 1929 703 2009 aedis,
726 1954 799 2016 quae
823 1931 1011 2016 respiciebat
1031 1931 1070 1995 ad
1092 1934 1256 2009 orientem,
1280 1955 1381 2017 quum

433 2042 513 2093 esset
529 2053 591 2093 aere
607 2030 707 2093 solido
722 2030 847 2107 induta,
863 2053 900 2094 ac
919 2030 1050 2116 perinde
1065 2031 1208 2094 immensi
1222 2032 1383 2117 ponderis,

433 2151 507 2213 quae
535 2128 588 2192 vix
614 2130 727 2215 viginti
753 2130 828 2193 viris
852 2152 976 2194 summo
1002 2143 1118 2194 conatu
1145 2130 1382 2216 impellentibus

434 2229 647 2309 clauderetur,
663 2232 772 2295 ferreis
788 2255 918 2318 quoque
933 2233 1078 2295 vectibus
1099 2245 1130 2297 et
1153 2233 1230 2297 seris
1244 2233 1380 2310 munita,

434 2354 471 2395 ac
485 2334 619 2418 pessulis
638 2334 669 2397 in
692 2334 793 2398 altum
812 2334 956 2398 demissis
976 2348 1136 2399 teneretur
1154 2335 1317 2411 obstricta,
1333 2358 1382 2398 re-

435 2446 529 2518 pente
544 2433 623 2496 hora
637 2434 737 2498 noctis
755 2447 856 2511 sexta,
871 2435 975 2521 prima
989 2449 1021 2499 et
1037 2434 1183 2499 vicesima
1202 2436 1252 2499 die
1268 2435 1383 2499 mensis

435 2536 584 2621 apparuit
615 2550 727 2622 sponte
754 2537 923 2621 patefacta.
982 2538 1044 2602 Sed
1073 2552 1106 2602 et
1142 2552 1299 2603 transacto
1329 2538 1382 2603 die

436 2635 528 2716 festo,
543 2650 615 2722 post
630 2636 753 2722 aliquot
776 2636 854 2714 dies,
872 2638 974 2722 prima
988 2652 1020 2702 et
1035 2639 1186 2721 vigesima
1201 2639 1253 2703 die
1268 2639 1383 2702 mensis

436 2739 612 2821 Artemisii,
627 2740 683 2825 qui
705 2739 793 2825 apud
815 2762 872 2802 nos
897 2739 1004 2804 Maius
1025 2754 1167 2821 vocatur,
1181 2740 1383 2827 prodigiosus

436 2845 585 2928 apparuit
601 2843 697 2917 visus,
714 2856 745 2907 et
769 2843 862 2907 tidem
885 2866 964 2929 pene
985 2842 1150 2907 excedens
1195 2843 1290 2921 Quod
1312 2866 1384 2907 vere

435 2943 551 3009 falsum
575 2958 754 3029 putaretur,
770 2945 829 3008 nisi
851 2945 1018 3010 oculorum
1040 2946 1134 3009 fidem
1158 2946 1384 3017 confirmasset,

439 3046 593 3112 malorum
613 3060 809 3133 consequuta
829 3046 991 3132 pernicies.
1038 3047 1166 3111 Etenim
1191 3070 1288 3134 prope
1306 3048 1386 3111 Solis

436 3170 594 3226 occasum,
606 3150 665 3213 visi
681 3165 754 3214 sunt
767 3172 880 3214 currus
891 3162 921 3213 et
932 3149 1098 3234 quadrigae
1113 3150 1145 3212 in
1161 3152 1248 3212 omni
1258 3152 1385 3232 regione

438 3270 494 3333 per
510 3274 624 3325 aerem,
648 3265 680 3315 et
702 3266 896 3315 armatorum
919 3252 1064 3315 cohortes
1085 3252 1209 3315 misceri
1233 3250 1383 3328 nubibus,

438 3363 470 3413 et
493 3351 587 3414 urbes
610 3351 798 3414 circumdari
822 3352 1001 3433 agminibus
1024 3352 1211 3437 improvisis.
1259 3354 1299 3415 ln
1322 3351 1385 3414 alio

437 3453 513 3516 item
544 3451 594 3513 die
623 3452 714 3529 sesto,
744 3452 798 3536 qui
836 3454 1038 3516 Pentecostes
1066 3451 1257 3537 appellatur,
1287 3466 1383 3517 noctu

439 3551 614 3615 sacerdotes
637 3552 770 3636 ingressi
791 3559 957 3639 templum,
979 3555 1018 3617 ad
1041 3551 1214 3617 ministeria
1235 3576 1274 3615 ex
1298 3577 1384 3617 more

439 3653 636 3739 complenda,
650 3654 753 3739 primo
769 3655 899 3740 quidem
915 3670 1020 3721 motus
1034 3654 1202 3741 quosdam,
1219 3655 1386 3738 strepitus·

439 3780 502 3842 que
518 3770 691 3833 senserunt,
708 3770 775 3820 tum
799 3757 915 3819 deinde
930 3781 1022 3821 voces
1045 3755 1167 3819 subitas
1186 3753 1321 3818 audiunt
1338 3757 1385 3820 di-

438 3871 555 3932 centes,
579 3859 758 3943 Migremus
781 3859 865 3936 hinc,
890 3859 1062 3943 migremus
1086 3881 1125 3920 ex
1152 3856 1281 3920 sedibus
1307 3857 1385 3925 istis.

440 3960 585 4025 Additur
601 3962 649 4025 bis
664 3964 758 4027 etiam
779 3961 863 4027 aliud
888 3961 1077 4025 terribilius:
1103 3959 1229 4023 Etenim
1254 3960 1384 4044 quidam

439 4067 574 4129 Ananiae
590 4067 675 4129 filius
690 4068 713 4128 J
715 4090 786 4129 esus
802 4068 937 4145 nomine,
952 4063 999 4126 vir
1018 4062 1160 4149 plebeius
1180 4075 1212 4125 et
1234 4063 1384 4141 rusticus,

438 4184 468 4234 et
490 4182 562 4232 ante
577 4181 729 4253 quartum
745 4168 820 4232 belli
836 4189 964 4244 annum,
977 4188 1077 4250 quum
1094 4165 1206 4230 civitas
1217 4165 1248 4228 in
1266 4189 1342 4251 pace
1354 4181 1385 4232 et

438 4271 634 4337 abundantia
653 4271 852 4356 perduraret,
868 4269 899 4331 in
920 4267 971 4330 die
992 4269 1074 4331 festo
1096 4269 1384 4345 tabernaculorum,
