3384 5234
305 686 375 731 aar.
391 669 468 749 vm]
596 717 599 721 -
658 686 912 732 rom'cnarrcus.
1196 674 1255 731 177

271 858 273 861 ·
304 840 375 902 Nec
394 849 501 901 tamen
523 838 618 901 unius
637 840 725 900 urbis
746 850 869 900 tantum
885 839 959 900 vitia
974 837 1107 921 depingi
1122 838 1250 900 credas:

298 939 368 1021 jam
383 939 480 1001 totius
496 939 583 1001 orbis
598 950 682 1003 sunt.
717 938 812 1010 Quod
828 938 869 1000 ad
883 937 980 1015 istud,
991 939 1101 1000 orbem
1116 940 1253 1001 Romam

304 1039 415 1101 crede:
450 1040 581 1102 memini
610 1062 662 1102 me
688 1040 815 1102 audisse
842 1035 1024 1101 Romanum
1053 1040 1252 1117 Pontificem,

302 1141 430 1203 solitum
445 1141 591 1205 deridere
614 1141 825 1213 Lombardos‚
842 1138 962 1216 dicens,
980 1161 1035 1202 eos
1050 1141 1170 1222 pileum
1186 1162 1253 1201 om·

303 1242 398 1304 nibus
414 1242 674 1324 colloquentibus
692 1242 808 1318 facere,
823 1262 862 1303 eo
884 1240 970 1323 qnod
986 1241 1020 1301 in
1036 1240 1170 1302 exordio
1186 1240 1252 1302 dic-

301 1341 399 1404 tionis
416 1342 674 1404 benevolentiam
696 1350 838 1423 captent,
858 1354 1017 1402 eteorum
1038 1362 1111 1403 cum
1133 1342 1251 1424 quibus

302 1442 418 1518 agitur,
442 1443 548 1523 capita
572 1441 711 1523 quodam
733 1439 1020 1502 commendationis
1051 1439 1253 1503 demulceant

304 1544 387 1604 oleo.
432 1543 493 1603 Fili
509 1543 563 1619 mi,
578 1543 681 1625 inquit
699 1543 863 1614 Salomon,
879 1542 905 1604 si
922 1554 953 1603 tc
969 1541 1154 1604 lactaverint
1176 1562 1253 1622 pec·

304 1653 439 1719 catores,
452 1666 493 1705 ne
509 1645 695 1728 acquiescas
711 1644 766 1704 eis.
813 1644 882 1724 Ipsi
898 1644 984 1705 enim
998 1654 1109 1704 contra
1123 1642 1251 1723 sangui-

303 1764 378 1804 nem
404 1764 498 1805 suum
521 1742 721 1819 insidiantur,
743 1753 776 1806 et
796 1743 971 1804 moliuntur
992 1741 1119 1804 fraudes
1142 1755 1253 1804 contra

303 1844 426 1907 animas
441 1865 525 1906 suas.
569 1843 708 1905 Prohibe
727 1842 843 1924 pedem
859 1853 948 1904 tuum
964 1864 983 1903 a
998 1842 1119 1904 semitis
1134 1862 1255 1904 eomm-

302 1944 408 2007 Pedes
423 1946 508 2007 enim
524 1964 632 2006 eorum
653 1942 694 2005 ad
716 1944 834 2005 malum
850 1954 990 2018 currunt,
1007 1955 1039 2005 et
1051 1943 1204 2005 festinant
1218 1954 1253 2004 ut

305 2045 472 2109 effundant
485 2037 684 2125 sanguinem.

305 2291 384 2375 Cap.
402 2300 430 2356 7.
455 2294 619 2356 Frondem
649 2293 859 2356 adulatorum
889 2296 987 2356 initio
1016 2295 1198 2373 vitortdam,
1222 2305 1254 2357 et

346 2395 432 2477 quod
465 2394 664 2471 muneribus,
699 2402 760 2457 aut
797 2393 1014 2477 obsequiorum
1051 2394 1256 2478 dafficultme,

345 2494 544 2559 ualidissime
553 2496 713 2579 procedit.

344 2648 437 2709 Ecca
453 2645 499 2705 vir
514 2644 766 2726 sapientissimus
782 2645 817 2706 in
832 2643 900 2705 tilio
915 2641 1062 2705 erudiens
1077 2644 1252 2720 universos,

304 2756 533 2810 assentatorum
571 2745 701 2824 gratiam
740 2745 889 2807 omnibus
926 2756 1105 2826 suspectam
1138 2744 1255 2819 reddit,

304 2868 476 2929 omnesque
498 2845 640 2924 deterret,
657 2857 689 2909 et
707 2847 769 2908 hoc
794 2846 924 2928 quidem
945 2847 979 2907 iu
999 2846 1102 2919 initio,
1119 2867 1158 2909 eo
1173 2846 1254 2908 forte

303 2948 391 3032 quod
406 2958 491 3010 recte
506 2946 699 3027 gradientem
714 2948 835 3029 primus
851 2947 1049 3009 adulatorum
1064 2967 1255 3027 congressus

302 3051 477 3133 impugnat.
523 3048 606 3110 Haec
627 3047 761 3109 fortasse
784 3045 934 3107 meretrix
956 3054 1013 3124 est,
1030 3046 1122 3129 cujus
1143 3046 1256 3108 indicit

304 3150 421 3230 fugam.
466 3149 581 3225 Ferus,
601 3146 715 3230 inquit,
736 3147 893 3209 distillans
913 3148 1000 3209 labia
1021 3147 1206 3221 meretricis,
1222 3156 1256 3209 et

304 3251 437 3314 nitidius
466 3252 538 3312 oleo
569 3258 676 3328 guttur
705 3247 783 3330 ejus.
839 3248 1024 3310 Novissima
1052 3258 1157 3309 autem
1186 3247 1256 3330 ejus

305 3373 412 3415 amara
434 3353 528 3434 quasi
550 3350 758 3424 absinthium,
773 3361 805 3411 et
824 3350 936 3430 lingua
957 3350 1027 3432 ejus
1048 3361 1143 3412 acuta
1165 3350 1256 3434 quasi

305 3452 430 3532 gladius
451 3451 572 3532 biceps.
618 3448 721 3512 Pedes
743 3450 812 3533 ejas
834 3450 1088 3513 descendentia
1110 3462 1256 3528 mortem,

305 3563 337 3613 et
351 3550 393 3613 ad
407 3550 525 3611 inferos
540 3569 664 3629 gressus
679 3548 747 3632 ejus
761 3561 941 3630 penetrant,
949 3572 1006 3633 per
1021 3551 1166 3614 semitam
1181 3552 1254 3614 vitae

306 3672 371 3713 non
387 3650 562 3725 ambulant,
575 3649 644 3729 vagi
656 3659 730 3711 sunt
742 3670 865 3730 gressus
877 3649 946 3732 ejus
961 3661 993 3712 et
1007 3651 1254 3733 investigabiles.

307 3752 403 3813 Nunc
419 3769 504 3830 ergo,
517 3748 562 3810 fili
577 3749 634 3823 mi,
646 3748 722 3810 audi
737 3769 799 3825 me,
808 3759 840 3811 et
854 3770 895 3811 ne
906 3749 1039 3812 recedas
1050 3753 1181 3815 averbis
1194 3753 1256 3814 oris

305 3849 378 3911 mei.
409 3849 520 3927 Longe
532 3848 582 3910 fac
599 3848 639 3910 ab
656 3868 695 3908 ea
709 3848 792 3910 viam
807 3858 904 3923 tuam,
916 3860 949 3911 et
962 3870 1003 3911 ne
1019 3851 1257 3932 appropinques

306 3949 426 4011 foribus
437 3947 551 4010 domus
566 3947 645 4029 ejus.
675 3948 758 4009 Haec
774 3948 834 4009 etsi
846 3947 886 4010 ad
898 3960 1018 4011 sectam
1032 3950 1256 4012 haereticorum

307 4055 497 4109 censeantur
510 4046 672 4128 praecipue
692 4045 868 4121 referenda,
883 4049 923 4107 ab
939 4046 1130 4110 adulationis
1144 4047 1256 4109 fraude

306 4168 372 4208 non
394 4147 499 4208 aliena
520 4156 605 4209 sunt.
651 4146 684 4207 Si
705 4167 780 4226 ergo
801 4146 843 4207 ad
863 4146 947 4207 fores
966 4147 1080 4208 domus
1102 4146 1171 4228 ejus
1190 4167 1256 4207 non

307 4245 386 4306 licet
399 4242 562 4318 accedere,
577 4244 725 4326 nunquid
745 4243 944 4307 admittenda
963 4246 1062 4307 estin
1078 4245 1257 4328 praecordia

353 4360 424 4405 von.
440 4360 490 4404 111.
610 4389 613 4401 ,
769 4359 792 4402 n
