3384 5234
431 704 492 768 156
616 749 623 764 r
694 715 829 765 scaurus
845 717 1118 766 sannsnnmnusrs
1241 700 1325 777 [nra.
1342 716 1380 764 ιι.

489 955 569 1041 Cap.
586 952 638 1024 29.
660 953 714 1021 Dc
728 957 886 1039 Plyaicia,
906 955 1080 1031 Thamna,
1095 964 1127 1018 et
1142 955 1317 1019 Practicia.

469 1100 576 1161 Llcun
599 1108 704 1162 tamen
718 1109 755 1161 ut
771 1095 812 1160 de
836 1096 958 1161 futuris
980 1094 1097 1182 aliquia
1120 1094 1317 1173 consulatur,
1332 1095 1379 1160 ita

425 1198 566 1285 quidem,
595 1199 620 1265 si
649 1211 707 1265 aut
737 1199 852 1285 spiritu
887 1195 1007 1284 polleat
1035 1197 1223 1284 propbetiae,
1253 1210 1309 1262 aut
1337 1220 1378 1262 ex

424 1299 624 1365 naturalibus
655 1300 767 1386 signis,
797 1298 876 1385 quid
909 1298 943 1361 in
972 1297 1160 1385 corporibus
1194 1296 1376 1362 animalium

424 1402 561 1481 eveniat,
576 1402 709 1490 physica
727 1403 861 1468 docente
880 1402 1048 1486 cognovit:
1071 1414 1128 1466 aut
1145 1403 1170 1466 ai
1186 1401 1374 1488 qualitatem

423 1503 575 1590 temporis
589 1504 793 1580 imminentis,
804 1502 1094 1589 experimentorum
1106 1503 1233 1568 indiciis
1243 1502 1374 1588 colligit.

424 1603 513 1669 Dum
539 1617 644 1671 tamen
670 1606 720 1671 his
747 1604 977 1692 posterioribus
1001 1627 1203 1691 nequaquam
1230 1604 1376 1691 quisita

422 1728 532 1771 aurem
547 1708 775 1785 accommodet,
790 1720 827 1773 ut
842 1706 929 1781 tidei,
945 1719 1000 1772 aut
1016 1706 1160 1792 religioni
1177 1706 1375 1794 praejudicet.

424 1807 487 1873 Sed
502 1831 560 1875 nec
574 1810 667 1897 primi
679 1809 830 1875 audiendi
841 1820 925 1885 sunt,
937 1808 997 1873 nisi
1008 1809 1040 1873 in
1051 1832 1089 1873 eo
1099 1810 1188 1895 quod
1198 1810 1376 1896 loquuntur

421 1929 442 1971 a
456 1906 605 1990 Domino,
621 1909 706 1996 quod
722 1929 888 1994 nunquam
901 1906 1085 1992 religionem
1099 1908 1282 1993 impugnat,
1297 1910 1374 1994 quia

421 2029 532 2072 verum
548 2032 624 2073 vero
638 2010 749 2095 nequit
765 2031 831 2072 esse
849 2010 1055 2086 contrarium,
1070 2032 1127 2071 nec
1142 2009 1263 2072 bonum
1280 2010 1375 2074 bono.

420 2110 464 2173 At
475 2108 598 2194 physici
608 2109 685 2172 dum
696 2124 821 2173 naturae
832 2106 964 2171 nimium
975 2108 1374 2186 auctoritatisattribuunt,

419 2208 452 2271 in
482 2219 643 2273 auctorem
672 2221 808 2285 naturoe,
838 2208 1036 2274 adversando
1064 2208 1151 2285 fidei,
1183 2208 1373 2295 plerumque

419 2306 611 2392 impingunt.
657 2312 733 2374 Non
763 2307 845 2372 enim
876 2329 985 2371 omnes
1013 2307 1128 2371 erroris
1157 2330 1271 2392 arguo,
1298 2308 1373 2373 licet

419 2403 575 2493 plurimos
600 2408 765 2485 audierim,
787 2408 828 2473 de
847 2409 963 2488 anima,
980 2407 1022 2472 de
1044 2407 1220 2473 virtutibus
1244 2420 1277 2473 et
1296 2432 1373 2491 ope-

418 2507 508 2573 ribus
530 2510 612 2596 ejus,
627 2511 668 2575 de
690 2523 862 2599 augmento
882 2510 1023 2596 corporis
1044 2520 1077 2574 et
1098 2508 1316 2586 diminutione,
1332 2509 1374 2573 de

418 2610 647 2676 resurrectione
658 2613 810 2699 ejusdem,
820 2611 861 2676 de
872 2610 1030 2676 creatione
1037 2631 1160 2692 rerum,
1172 2609 1265 2674 aliter
1273 2632 1371 2696 quam

418 2710 498 2775 tides
519 2711 646 2791 babeat,
662 2712 874 2800 disputantes.
920 2716 970 2777 De
991 2714 1062 2798 ipso
1082 2733 1212 2798 quoque
1235 2712 1308 2775 Deo
1322 2710 1371 2774 in-

418 2812 545 2879 terdum
561 2814 608 2881 ita
621 2814 810 2902 loquuntur,
1122 2853 1124 2855 -

566 2926 606 2978 Ut
618 2926 641 2978 si
652 2926 790 2993 terrigenae
801 2929 932 2977 tentarent
943 2926 1014 2975 astra
1025 2922 1157 2990 gigantes,
1430 2998 1432 3004 Ι

416 3031 448 3085 et
464 3018 549 3084 inani
565 3032 681 3085 conatu
696 3042 767 3085 cum
784 3018 959 3097 Encelado,
971 3029 1007 3081 ut
1023 3019 1068 3081 eis
1080 3020 1187 3083 AEtnae
1199 3040 1279 3082 onus
1289 3017 1370 3103 igni-

416 3119 518 3186 fluum
535 3123 728 3207 imponatur,
738 3120 868 3207 cupiant
878 3118 1060 3205 promereri.
1095 3118 1158 3183 Sed
1168 3118 1200 3182 in
1217 3118 1266 3183 his
1280 3118 1369 3184 facile

415 3222 480 3289 labi
502 3238 647 3310 possunt,
670 3223 747 3310 quia
768 3222 1009 3309 quanticunque
1030 3220 1151 3305 ingenii
1173 3220 1267 3301 vires,
1288 3224 1368 3286 citra

414 3324 666 3411 profunditatem
688 3324 896 3400 difficultatis,
912 3345 986 3409 quae
1003 3322 1037 3386 in
1060 3321 1110 3385 bis
1132 3321 1278 3398 vertitur,
1293 3321 1369 3387 sub-

415 3426 543 3492 sistunt.
588 3425 656 3490 Ubi
686 3449 762 3489 vero
791 3425 897 3490 delicit
928 3425 1118 3504 intellectus,
1143 3422 1219 3487 fidei
1244 3421 1367 3487 ratione

414 3526 563 3603 deducta,
586 3549 661 3612 quae
680 3527 784 3591 media
805 3540 864 3604 est,
884 3537 983 3592 restat
1008 3529 1074 3590 sola
1095 3525 1213 3611 opinio.
1258 3526 1365 3602 Quum

414 3650 490 3691 vero
510 3626 550 3690 de
569 3627 773 3692 inferioribus
796 3628 964 3714 quaeritur,
984 3639 1065 3713 puta
1087 3626 1128 3690 de
1149 3625 1366 3711 complexione

414 3727 569 3804 animalis,
591 3727 632 3791 de
655 3751 749 3792 causa
771 3740 802 3793 et
830 3752 907 3794 cura
931 3728 1143 3814 aegritudinis,
1165 3727 1211 3790 eis
1235 3724 1364 3789 omnino

412 3829 492 3894 nihil
510 3831 608 3904 deest,
623 3842 741 3915 praeter
760 3830 908 3894 effectum
929 3829 1045 3916 operis,
1065 3830 1092 3893 si
1111 3828 1139 3891 ie
1153 3826 1363 3891 desideratur.

413 3935 458 3997 Et
480 3932 610 4017 quidem
634 3931 777 4006 theorici,
800 3932 956 4018 quicquid
975 3953 1068 3996 suum
1093 3940 1151 4003 est,
1171 3927 1305 4002 faciunt,
1331 3938 1364 3991 et

412 4037 492 4100 forte
506 4054 565 4119 pro
580 4054 684 4095 amore
700 4044 757 4095 tuo
776 4031 914 4118 amplius
934 4030 1121 4116 erogabunt,
1136 4040 1168 4092 et
1183 4027 1284 4091 abeis
1300 4026 1364 4090 sin-

410 4134 559 4221 gularum
576 4155 680 4198 rerum
696 4155 806 4197 causas
821 4146 851 4197 et
873 4145 1003 4197 naturas
1023 4130 1177 4216 accipies;
1205 4127 1361 4203 sanitatis,

411 4234 622 4323 aegritudinis,
651 4247 682 4299 et
711 4234 933 4310 neutralitatis,
963 4255 1107 4297 censores
1131 4243 1217 4294 sunt.
1273 4230 1363 4293 Dant

411 4341 578 4405 sanitatem
594 4339 691 4402 verbo
707 4351 809 4417 tenus,
824 4347 857 4401 et
872 4346 1069 4401 conservant.
1114 4331 1365 4399 Neutralitatem
