3384 5234
347 691 417 737 cir.
434 673 482 753 x.]
697 689 953 736 ronrcnsmcns.
1237 676 1298 736 189

391 834 396 840 ⁵
451 837 547 893 Vultus
559 836 635 891 adest
646 841 773 910 precibus,
786 838 919 907 faciesque
930 840 1030 891 incesta
1041 844 1151 908 perorat

347 938 454 1009 Quum
469 957 543 998 vero
554 936 660 999 Julius
671 938 766 998 rebus
781 936 929 999 humanis
941 945 1111 1018 exemptus
1123 943 1218 1012 esset,
1227 957 1299 1019 quac

345 1037 484 1100 Romani
512 1036 710 1118 imperatoris
737 1036 887 1119 conjugio
913 1036 1016 1099 suerat
1044 1036 1186 1116 gloriata,
1212 1036 1298 1119 prin·

348 1141 430 1223 cipis
446 1140 663 1202 Romanorum
679 1159 757 1200 ausa
771 1148 819 1200 est
833 1140 983 1200 affectare
999 1138 1192 1201 servitutem.
1228 1139 1299 1201 Nec

347 1242 471 1317 frustra,
487 1259 587 1322 quum
603 1238 644 1301 ad
656 1240 764 1301 omnia
775 1250 919 1321 paratum
932 1239 1105 1302 invenisset
1116 1240 1299 1301 Antonium.

349 1343 488 1404 Putabat
502 1340 588 1402 enim
611 1340 653 1403 ad
677 1340 836 1403 Caesarem
853 1340 986 1420 gloriam
1002 1340 1064 1402 sibi
1085 1339 1166 1401 nihil
1182 1340 1301 1415 defore,

350 1441 378 1504 si
391 1443 511 1503 lectum
532 1441 600 1523 ejus
621 1439 817 1518 ascenderet,
834 1437 888 1523 qui
908 1460 1074 1503 successor
1087 1461 1190 1503 rerum
1207 1441 1301 1502 Pom·

350 1541 427 1625 peii,
438 1549 471 1601 et
480 1549 516 1602 ut
527 1541 695 1603 simulabat
704 1538 787 1622 juris
799 1540 951 1618 Caesarei,
958 1541 1061 1620 magis
1072 1540 1113 1602 de
1125 1541 1302 1604 temeritate

352 1644 497 1716 fortunae,
523 1662 618 1723 quarn
648 1641 689 1703 de
719 1641 843 1703 virtutis
873 1640 1071 1704 conscientia
1099 1641 1301 1718 confidebat:

351 1742 451 1804 Porro
466 1762 565 1822 quum
580 1739 620 1804 ad
635 1739 858 1802 solicitandum
876 1742 1051 1821 Augustum
1066 1740 1229 1802 muliebris
1242 1740 1301 1803 im-

353 1841 518 1925 pudicitiae
528 1840 663 1904 audacia
675 1842 855 1918 accesisset,
865 1860 922 1922 spe
933 1861 990 1903 sua
998 1840 1154 1917 frustrata,
1164 1862 1303 1904 amorem

353 1941 532 2003 honestatis
554 1941 709 2022 reputavit
733 1939 891 2023 injuriam,
914 1940 1052 2003 castitati
1074 1961 1192 2003 nomen
1215 1942 1304 2005 dedit

311 2058 320 2074 ·
354 2042 522 2124 superbiae,
546 2041 729 2124 bellumque
754 2041 893 2104 credidit
914 2041 1121 2104 indicendum
1145 2043 1186 2120 ei,
1209 2065 1304 2127 quem

351 2144 440 2207 Julio
456 2143 583 2207 caesare
598 2154 731 2226 experta
746 2144 850 2205 fuerat
863 2144 1034 2205 fortiorem.
1079 2144 1199 2207 Omnes
1221 2142 1302 2206 enim

341 2244 493 2307 ·nocendi
503 2254 587 2307 artes
598 2264 747 2324 aggressa
758 2254 817 2320 est,
826 2243 1020 2326 tandemque
1032 2256 1138 2326 capta,
1150 2256 1182 2307 ct
1192 2266 1305 2328 provo·

353 2345 421 2406 luta
443 2344 483 2407 ad
505 2342 605 2426 pedes
619 2344 767 2423 Augusti,
782 2344 876 2405 etiam
900 2353 976 2406 tunc
1000 2344 1171 2407 solicitavit
1193 2346 1305 2408 oculos

354 2444 455 2506 ducis
501 2442 566 2507 Sed
583 2444 698 2505 frustra
719 2441 857 2525 quidem.
908 2444 994 2504 Nam
1013 2443 1221 2524 pulchritudo
1236 2444 1306 2527 ejus

352 2544 433 2605 infra
447 2542 637 2625 pudicitiam
661 2540 816 2624 principis
832 2541 902 2602 suit.
948 2541 1042 2612 Quod
1065 2543 1119 2603 ubi
1141 2543 1307 2625 desperata

355 2665 389 2706 se
412 2642 454 2704 ad
476 2643 671 2725 triumphum
688 2642 815 2704 victoris
837 2641 992 2723 praenovit
1011 2642 1175 2714 reservari,
1195 2642 1305 2705 incau-

355 2745 468 2806 tiorem
494 2752 591 2805 nacta
615 2741 805 2816 custodiam,
827 2762 964 2819 egressa,
991 2762 1024 2804 se
1047 2742 1080 2804 in
1102 2743 1305 2805 Mausoleum

357 2864 468 2923 regum
492 2843 623 2924 recepit,
645 2843 752 2926 ibique
778 2842 989 2904 nobilissimis
1012 2864 1055 2905 ex
1080 2864 1167 2905 more
1193 2842 1307 2905 induta

280 2933 283 2938 ⁴
357 2943 509 3015 cultibus,
522 2942 675 3005 odoribus
687 2942 888 3024 conquisitis,
898 2942 1043 3025 solioque
1055 2942 1175 3006 divitiis
1189 2964 1306 3027 usque-

357 3065 483 3127 quaque
506 3043 633 3120 referto,
648 3063 681 3105 se
699 3042 798 3125 juxta
820 3064 912 3105 suum
934 3044 1102 3106 collocavit
1121 3044 1307 3123 Antonium,

356 3154 389 3207 et
402 3144 551 3206 mamillis
565 3143 716 3226 venisque
732 3144 799 3205 suis
815 3165 982 3227 apponens
997 3144 1136 3226 aspides,
1148 3144 1194 3207 sic
1206 3157 1307 3209 morte

358 3246 448 3327 quasi
464 3265 576 3306 somno
599 3246 739 3307 resoluta
753 3254 810 3307 est.
856 3246 956 3326 Psylli
980 3245 1150 3328 siquidem,
1173 3247 1310 3326 Augusti

352 3342 509 3405 -mandato
526 3342 674 3417 adhibiti,
690 3342 744 3425 qui
767 3343 921 3405 malitiam
937 3343 1051 3405 veneni
1072 3345 1176 3406 solent
1190 3344 1309 3425 linguis

360 3442 507 3518 educere,
522 3463 561 3504 eo
581 3442 670 3524 quod
688 3463 757 3504 sero
772 3444 878 3506 vocati
901 3454 1020 3521 essent,
1034 3465 1129 3525 opem
1146 3445 1223 3507 ferre
1244 3466 1310 3507 non

359 3544 534 3604 valuerunt.
579 3543 690 3622 Digna
710 3543 841 3626 quidem
862 3545 909 3611 sic
929 3545 1031 3625 perire
1052 3546 1200 3607 meretrix
1214 3567 1310 3609 vene·

359 3664 451 3718 nosa,
473 3654 550 3704 nata
571 3663 673 3705 mores
699 3664 912 3727 corrumpere,
933 3645 1152 3728 nobiliumque
1173 3647 1310 3709 virorum

358 3742 544 3824 pudicitiam
559 3764 753 3825 expugnare.
796 3744 943 3807 Profecto
959 3755 1053 3807 autea
1067 3746 1195 3825 regibus
1209 3747 1308 3830 impe·

358 3853 491 3919 rarerat,
505 3842 709 3926 postmodum
730 3844 855 3921 misera,
869 3866 930 3907 nec
951 3846 1138 3908 miserabilis
1155 3848 1216 3909 sibi
1232 3847 1310 3909 forte

361 3942 533 4024 tragicum,
567 3943 624 4004 sed
662 3944 810 4005 Romano
839 3946 982 4026 imperio,
1011 3946 1099 4027 quod
1129 3948 1311 4009 subvertere

359 4044 560 4121 moliebatur,
575 4043 675 4105 finem
693 4043 863 4106 Carnicum
879 4046 963 4107 sccit.
1010 4047 1097 4107 lntcr
1116 4056 1231 4108 caetera
1246 4047 1311 4108 cla-

338 4221 339 4224 *
359 4143 494 4205 rioribus
511 4143 646 4223 Augusti
669 4143 769 4205 titulis
790 4155 1046 4219 connumeratur,
1062 4144 1148 4227 quod
1164 4145 1197 4205 in
1213 4154 1310 4206 tantae

360 4241 461 4319 pestis
486 4261 671 4320 congressu,
697 4240 815 4303 mansit
843 4242 992 4304 invictus.
1037 4244 1251 4332 Veruntamen
1276 4244 1310 4306 in
