3384 5234
366 678 428 737 802
620 689 756 736 JOANNIS
773 688 1050 734 arnnsnnnmnsu
1185 670 1318 745 [cmv.

364 852 487 905 constet
509 863 576 905 esse
603 841 765 905 obnoxia?
803 840 876 902 Non
907 860 999 924 opus,
1022 858 1083 902 non
1107 859 1221 915 sermo,
1243 858 1320 922 gra-

366 942 469 1007 tuitus
490 952 550 1020 est,
572 964 634 1006 non
659 952 782 1007 tacetur
804 941 865 1005 nisi
887 943 929 1005 ad
952 938 1102 1026 pretium.
1147 936 1319 1004 Silentium

365 1064 504 1130 namque
528 1066 578 1108 res
602 1044 721 1109 venalis
746 1056 804 1109 est.
851 1044 924 1107 Hoc
947 1043 1030 1107 forte
1056 1066 1076 1108 a
1100 1040 1320 1105 Demosthene

365 1142 1319 1233 acceperunt,quiquumAristodcmumactoremfabnlarum

366 1247 600 1333 interrogasset,
613 1260 770 1334 quantum
786 1247 940 1311 mercedis
957 1250 1005 1311 uti
1016 1259 1124 1331 ageret
1136 1246 1321 1331 accepisset,

366 1361 398 1414 et
414 1350 660 1435 responderetur
679 1350 708 1414 ei
724 1347 897 1415 talentum:
921 1351 965 1414 At
985 1371 1056 1435 ego,
1072 1347 1180 1433 inquit
1200 1349 1320 1411 Demo-

366 1450 503 1528 sthenes,
527 1450 600 1537 plus
623 1450 729 1536 accepi
757 1462 793 1515 ut
818 1457 964 1514 tacerem.
1009 1448 1251 1516 causidicorum
1279 1446 1321 1509 si-

368 1551 498 1637 quidem
521 1564 569 1615 est
589 1550 698 1636 lingua
717 1550 896 1631 damnifica,
912 1550 971 1615 nisi
991 1573 1072 1629 eam,
1087 1563 1126 1615 ut
1148 1549 1211 1614 dici
1227 1548 1322 1625 solet,

368 1652 501 1717 funibus
523 1653 681 1739 argenteis
700 1652 827 1717 vincias.
874 1656 942 1717 Neo
966 1675 1067 1718 unum
1088 1652 1150 1715 nisi
1165 1652 1248 1714 forte
1264 1673 1321 1736 po-

369 1754 565 1819 tentissimus
585 1754 636 1834 sit,
651 1755 776 1841 proficit
796 1754 969 1841 illaqueare
984 1754 1181 1827 muneribus,
1195 1754 1273 1839 quia
1287 1756 1322 1816 in

369 1880 435 1943 quo
465 1860 561 1921 unius
589 1858 649 1922 tibi
679 1858 868 1924 conciliatur
897 1858 1011 1944 gratia,
1038 1857 1173 1922 aliorum
1200 1854 1324 1920 invidia

369 1959 557 2022 concitatur.
617 1958 686 2024 Sibi
725 1981 863 2046 namque
892 1971 1084 2047 praereptum
1113 1957 1325 2034 arbitrantur,

371 2058 457 2142 quod
474 2057 543 2120 aliis
554 2072 715 2142 erogatur.
755 2064 827 2124 Hoc
839 2074 944 2125 auteur
960 2085 979 2125 a
996 2059 1142 2124 maximis
1152 2062 1325 2145 pertransit

369 2158 410 2221 ad
426 2156 583 2235 minimos,
598 2158 655 2242 qui
677 2160 737 2221 nisi
759 2161 961 2226 mulceantur
979 2160 1152 2248 obsequiis,
1169 2172 1201 2225 et
1220 2160 1324 2224 relici-

370 2267 466 2320 antur
481 2256 678 2333 muneribus,
694 2257 752 2321 sibi
768 2259 836 2322 fieri
851 2262 1002 2345 injuriam
1018 2265 1229 2349 suspicantur.

476 2363 598 2417 Maxima
609 2382 718 2436 quaeque
732 2366 822 2421 domus
834 2371 917 2422 servis
930 2376 971 2423 est
981 2371 1059 2442 plena
1070 2372 1196 2443 superbia,

370 2473 402 2527 et
432 2462 542 2526 eadem
572 2462 698 2549 cupidis
727 2463 823 2550 plena
851 2478 899 2530 est
924 2484 956 2531 et
982 2466 1095 2531 avaris.
1140 2465 1193 2530 Illi
1217 2475 1323 2528 tamen

371 2562 577 2650 perniciosius
591 2577 705 2631 nocent
721 2564 803 2630 inter
818 2588 927 2631 omnes
943 2564 1051 2629 Curiae
1066 2578 1248 2650 nugatores,
1265 2564 1323 2649 qui

371 2667 432 2733 sub
448 2680 606 2755 praetextu
621 2667 806 2747 honestatis,
820 2681 852 2734 et
877 2669 1087 2743 liberalitatis,
1102 2667 1235 2732 miseriae
1256 2688 1324 2730 suae

372 2770 472 2834 solent
494 2769 631 2856 ineptias
653 2769 804 2849 colorare,
819 2771 875 2854 qui
896 2772 1060 2837 nitidiores
1080 2769 1244 2850 incedunt,
1266 2767 1323 2854 qui

371 2869 571 2957 splendidius
592 2869 774 2956 epulantur,
790 2872 846 2958 qui
868 2876 1029 2959 propriam
1046 2873 1088 2937 ad
1110 2894 1249 2936 mensam
1266 2892 1325 2934 sae·

374 2975 445 3057 pius
460 2985 626 3038 extraneos
637 2973 833 3058 compellunt
844 2975 1003 3054 accedere,
1014 2973 1215 3037 humaniores
1225 2971 1324 3046 domi,

373 3070 451 3136 foris
466 3073 677 3159 benigniores,
692 3073 885 3139 affabiliores
898 3078 931 3139 in
947 3097 1100 3151 sermone,
1115 3072 1277 3138 liberiores
1291 3070 1326 3134 in

375 3175 547 3254 sententiis,
561 3174 593 3237 in
615 3176 836 3262 proximorum
856 3176 945 3241 cultu
967 3176 1119 3254 munifici,
1135 3187 1167 3240 et
1182 3173 1323 3267 omnium

375 3275 530 3341 virtutum
553 3277 729 3342 imitatione
751 3280 906 3366 praeclari.
951 3282 999 3346 Ut
1016 3281 1161 3346 enimait
1180 3277 1324 3346 etlticus:

376 3378 476 3443 totius
490 3377 656 3465 injustitiae
668 3379 757 3443 nulla
769 3393 815 3445 est
831 3381 1007 3468 capitalior,
1020 3405 1114 3469 quam
1130 3378 1327 3465 eorum,1qui

376 3501 476 3564 quum
500 3480 638 3545 maxime
660 3481 836 3568 decipiunt,
850 3483 884 3547 id
907 3496 1016 3570 agunt,
1032 3496 1069 3548 ut
1090 3484 1167 3549 boni
1181 3483 1242 3547 viri
1262 3502 1330 3545 esse

378 3582 555 3648 videantur.
601 3584 664 3649 His
686 3585 800 3671 ntique
822 3599 856 3651 et
877 3586 1007 3652 virtutis
1032 3587 1148 3651 umbra
1167 3586 1325 3649 licentiam

374 3683 463 3762 facit,
477 3697 509 3747 et
525 3680 610 3748 unde
625 3687 679 3750 vix
702 3699 886 3771 oportuerat
907 3691 1027 3773 sperari
1042 3690 1177 3760 veniam,
1192 3684 1325 3768 gloriam

374 3795 600 3866 assequuntur.
648 3786 788 3850 Possunt
810 3786 940 3871 impune
961 3786 1099 3869 plurima
1124 3796 1326 3867 extorquere,

374 3883 430 3969 qui
442 3903 540 3968 parvo
551 3906 612 3948 non
624 3870 770 3970 possunt,
777 3886 845 3948 imo
854 3906 916 3946 non
924 3884 1168 3967 dignanturesse
1174 3888 1326 3949 contenti.

375 3987 495 4049 Notum
512 3986 641 4071 quidem
658 3998 718 4063 est,
734 3997 766 4049 et
780 3983 926 4068 generale
942 3984 1158 4070 proverbium,
1176 3985 1254 4072 quia

482 4094 582 4147 Serviat
593 4099 727 4159 aeternum,
740 4095 783 4162 qui
794 4110 873 4167 parvo
884 4095 985 4148 nesciet
996 4095 1044 4147 nti.

377 4193 428 4253 Ne
460 4201 563 4256 tamen
594 4211 665 4254 cum
697 4189 746 4254 his
777 4213 826 4255 me
854 4190 972 4258 bellum
999 4191 1193 4257 inexorabile
1219 4215 1328 4279 gerere

375 4304 479 4377 putes,
502 4315 634 4381 munera
661 4292 794 4359 curiales
819 4294 951 4360 licenter
976 4295 1141 4384 accipiant,
1166 4296 1242 4365 dnm
1267 4320 1328 4361 non
