3384 5234
364 684 427 745 tos
620 693 757 738 sonunrs
772 688 1054 735 sanssnnrunnsrs
1192 670 1275 749 [nra.
1292 688 1323 733 v.

367 846 525 932 depictus,
543 844 724 920 Pontifices,
744 846 905 927 Augures,
929 853 961 905 et
976 839 1226 904 sacerdotiorum
1243 838 1324 902 varii

368 947 460 1022 ritus,
477 944 596 1031 quibus
616 945 662 1009 ita
682 943 859 1009 barbariem
880 940 1060 1026 occupavit,
1082 952 1119 1004 ut
1140 940 1181 1002 ab
1197 937 1325 1025 injuriis

368 1059 591 1133 temperarent,
606 1046 796 1111 feriarentur
812 1046 854 1108 ab
876 1046 983 1121 armis,
994 1040 1153 1127 justitiam
1168 1041 1324 1116 colerent,

370 1160 402 1214 et
421 1147 544 1213 civilem
566 1147 625 1210 sibi
646 1146 780 1210 invicem
803 1144 1003 1231 impartirent
1023 1142 1194 1215 affectum3
1217 1164 1324 1227 eoque

369 1250 506 1315 ferocem
526 1248 649 1331 redegit
672 1246 841 1333 populum,
865 1259 900 1309 ut
915 1242 1098 1329 imperium,
1120 1242 1208 1328 qnod
1225 1242 1255 1305 vi
1272 1245 1324 1322 (ut

371 1345 502 1424 dicitur)
526 1356 559 1409 et
584 1343 701 1430 injuria
724 1355 947 1428 occupaverat,
973 1341 1109 1427 justitiae
1139 1353 1171 1404 et
1194 1339 1326 1426 pietatis

373 1447 499 1534 legibus
523 1445 657 1512 feliciter
675 1446 878 1531 gubernaret.
923 1442 987 1507 Sed
1014 1441 1093 1528 qnid
1109 1442 1238 1528 profero
1254 1445 1326 1507 Nu-

374 1571 574 1635 mam,qunm
585 1560 617 1613 et
627 1546 817 1634 patresfidei
827 1558 955 1623 nostroe,
963 1548 1077 1609 veteris
1087 1544 1165 1627 legis
1174 1543 1329 1608 sacrificia

373 1663 513 1715 asserant
536 1649 692 1725 instituta,
715 1671 755 1712 ne
775 1647 808 1711 in
831 1646 1060 1712 daemoniorum
1083 1646 1173 1710 cultu
1185 1644 1327 1732 populus

374 1766 560 1839 occupatus,
573 1773 654 1817 verae
666 1749 825 1835 religionis
835 1748 1010 1813 dedisceret
1022 1748 1157 1826 cultum,
1166 1748 1231 1812 ritu
1247 1770 1328 1832 gen·

376 1854 455 1920 tium
473 1852 625 1918 sacrificia
647 1876 704 1917 sua
719 1850 886 1916 daemoniis
909 1850 1083 1926 immolans,
1106 1864 1138 1915 et
1153 1871 1213 1913 non
1231 1852 1326 1913 Deo?

377 1955 504 2021 Colitur
514 1978 591 2041 ergo
601 1960 703 2031 Dens,
719 1968 775 2019 aut
787 1954 903 2017 affectu
919 1950 1046 2026 mentis,
1058 1964 1114 2014 aut
1129 1950 1327 2016 exhibitione

376 2056 490 2141 operis.
527 2057 591 2120 Sed
606 2062 740 2120 allectus
754 2054 931 2121 dilectionis
954 2054 1057 2140 ipsum
1081 2076 1161 2139 pure
1184 2053 1329 2138 attingit,

370 2158 451 2221 licet
463 2156 571 2241 aliquo
580 2178 671 2219 sensu
681 2156 1093 2241 corporisvelanimae,dum
1105 2155 1328 2242 peregrinatur

378 2281 398 2323 a
418 2256 568 2333 Domino,
584 2270 615 2319 et
632 2278 719 2321 mens
734 2256 815 2321 mole
830 2257 970 2342 corporis
986 2273 1219 2343 praegravatur,
1233 2256 1328 2342 plene

379 2369 516 2444 nequeat
526 2358 767 2444 comprehendi;
784 2373 816 2423 et
831 2372 916 2423 certe
926 2382 964 2423 eo
975 2373 1100 2424 amatur
1111 2358 1286 2436 ardentius,
1294 2373 1329 2423 et

380 2460 553 2527 studiosius
567 2460 732 2546 quraritur,
748 2484 814 2555 quo
833 2461 971 2526 altitudo
993 2475 1025 2526 et
1040 2462 1233 2525 immensitas
1247 2460 1329 2525 divi·

379 2563 494 2628 tiarum
516 2563 667 2644 potentiae
692 2577 723 2627 et
744 2563 907 2650 sapientiae
934 2586 999 2628 snae
1022 2584 1146 2626 omnem
1172 2578 1329 2649 exuperat

380 2665 590 2735 intellectum:
622 2666 742 2732 virtute
767 2681 870 2733 tamen
894 2679 984 2730 tanta
1006 2688 1129 2729 omnem
1152 2678 1328 2730 creaturam

380 2765 538 2846 circumit,
551 2780 708 2853 penetrat,
722 2768 846 2853 implet,
861 2782 892 2831 et
907 2769 1060 2852 protegit,
1075 2782 1112 2833 nt
1126 2790 1329 2856 nequaquam

382 2867 480 2933 latere
490 2867 594 2931 valeat
606 2868 780 2953 quamlibet
793 2869 1009 2933 rationabilem
1026 2883 1213 2933 creaturam.
1252 2871 1331 2955 lpsa

380 2990 511 3054 qnoque
536 2967 764 3035 irrationabilia
787 2970 892 3055 ipsum
922 2992 999 3047 esse,
1020 2983 1051 3033 ct
1076 2970 1171 3034 talem
1197 2992 1274 3047 esse,
1298 2987 1330 3035 et

382 3083 519 3146 tantum,
535 3071 682 3155 plurimis
694 3070 818 3135 indiciis
840 3084 1066 3156 protestantur.
1114 3072 1202 3135 Miro
1219 3074 1330 3157 itaque

382 3173 477 3238 modo
492 3174 536 3238 sic
546 3172 786 3258 intelligentiam
803 3173 850 3238 sui
862 3174 1016 3251 infundit,
1028 3188 1065 3239 ut
1081 3174 1262 3238 subtrahat:
1287 3174 1331 3240 sic

383 3274 554 3351 subtrahit,
572 3285 607 3338 ut
623 3273 780 3351 infundat,
795 3287 829 3339 et
844 3274 1018 3339 secundum
1042 3297 1221 3340 mensuram
1236 3277 1332 3340 bene-

384 3375 493 3461 placiti
506 3379 554 3441 sni
568 3375 612 3440 sic
623 3389 774 3461 operatur
788 3377 820 3440 in
833 3376 979 3462 singolis,
990 3389 1025 3441 ut
1035 3398 1136 3462 qnnm
1148 3376 1334 3441 intensionis

384 3489 416 3543 et
439 3478 632 3545 remissionis
646 3476 729 3543 vices
750 3479 888 3563 ignoret,
909 3478 966 3543 etsi
989 3500 1050 3541 non
1073 3501 1132 3563 per
1154 3479 1333 3554 essentiam,

385 3603 451 3664 qna
475 3603 602 3647 omnem
627 3580 728 3666 replet
757 3580 956 3645 uniformiter
981 3591 1168 3655 creaturam,
1192 3579 1263 3666 plus
1285 3580 1336 3644 rel

386 3681 491 3750 minus
506 3682 651 3749 videatur
664 3683 764 3748 inesse
776 3706 832 3769 per
843 3682 989 3767 gratiam.
1028 3685 1111 3745 Nam
1125 3703 1181 3766 per
1192 3680 1338 3745 unionem

386 3788 419 3851 in
430 3786 497 3848 solo
510 3782 673 3867 unigenito
683 3785 815 3869 virginis
826 3783 892 3848 filio
903 3806 969 3846 esse
981 3780 1118 3845 fideliter
1128 3774 1336 3865 approbatur.

386 3886 448 3950 Est
461 3885 571 3969 itaque
586 3906 670 3949 nnnc
685 3885 777 3970 quasi
793 3881 920 3966 singula
933 3884 964 3944 in
983 3878 1118 3962 singulis
1139 3879 1282 3955 futurus,
1297 3892 1334 3945 ut

386 3986 538 4072 scriptum
565 3998 624 4059 est,
649 3984 755 4047 omnia
779 3985 811 4047 in
837 3979 985 4044 omnibns
1010 3978 1127 4045 electis.
1179 3982 1225 4044 Et
1252 3978 1334 4044 sicut

385 4100 501 4153 natura
524 4086 617 4171 ignis,
641 4083 807 4152 collatione
838 4095 942 4147 tamen
973 4079 1104 4167 dispari,
1131 4080 1281 4166 quoniam
1306 4082 1334 4144 ei

385 4188 466 4251 nihil
489 4200 593 4272 potest
616 4184 756 4273 pariliter
778 4182 998 4271 compararis
1020 4183 1084 4247 sole
1107 4183 1258 4264 diversos,
1278 4207 1337 4270 pro

386 4309 554 4373 corporum
579 4284 774 4364 diversitate,
794 4284 942 4371 producit
967 4283 1115 4349 effectus:
1149 4285 1192 4349 sic
1216 4284 1271 4349 illa
1295 4284 1335 4364 (si
