3384 5234
428 686 468 745 88
685 699 821 745 loturus
836 698 1111 746 saansnumausrs
1247 680 1327 760 [nm.
1345 700 1381 742 11.

430 849 520 934 signa
534 851 717 936 frequenter
735 852 858 930 eadem,
873 852 905 916 in
921 875 958 915 eo
974 852 1022 915 vel
1045 854 1180 916 maxime
1195 873 1246 914 ars
1261 851 1383 936 conjec-

429 952 507 1015 toris
522 966 665 1038 apparet,
680 954 705 1016 si
721 954 782 1018 sub
797 953 965 1019 identitate
980 954 1153 1039 signorum,
1165 952 1380 1017 diversitatem

428 1075 533 1117 rerum
563 1068 658 1119 cauta
687 1055 876 1120 discretione
905 1055 1086 1141 distinguit.
1139 1056 1220 1120 Haec
1249 1047 1379 1140 quidem

427 1154 586 1237 generalia
601 1168 685 1220 sunt.
724 1160 806 1231 Quae
822 1179 897 1221 vero
912 1171 986 1221 sunt
1003 1156 1149 1244 specialia
1170 1155 1379 1240 singulorum,

427 1255 524 1320 latius
538 1268 658 1342 patent.
705 1260 778 1321 Non
799 1272 904 1323 tamen
924 1257 1181 1345 praetereundum
1203 1270 1261 1337 est,
1276 1256 1381 1339 siguo·

429 1379 499 1420 rum
528 1358 604 1439 vim,
631 1382 689 1445 pro
715 1359 871 1445 qualitate
900 1382 1116 1447 personarum,
1141 1358 1301 1423 saeviorem
1328 1367 1383 1419 aut

427 1459 585 1524 mitiorem
606 1486 682 1527 esse.
728 1464 876 1527 Pecuniae
897 1463 1053 1550 siquidem
1076 1462 1295 1538 contrectatio,
1310 1458 1381 1523 aliis

425 1559 547 1639 laetum,
565 1563 686 1628 tristem
707 1564 777 1630 aliis
798 1579 948 1631 eventum
971 1565 1151 1631 denunciat.
1191 1565 1242 1627 Sic
1257 1587 1296 1627 ex
1317 1585 1379 1626 non

424 1665 652 1749 apparentibus
670 1667 773 1731 causis
787 1668 917 1753 inopina
933 1669 1062 1731 Veneris
1083 1666 1254 1753 praesentia
1269 1663 1381 1727 arnari-

425 1764 569 1830 tudinem
599 1768 737 1833 fortunae
765 1769 965 1855 frequentius
994 1768 1119 1853 ingerit.
1176 1769 1268 1834 Unde
1297 1766 1377 1829 illud

425 1866 622 1955 Hypsipyles
638 1870 865 1934 Archemorum
882 1870 1022 1956 lugentis
1037 1874 1213 1934 extinctum

668 1995 810 2064 Nunquam
820 1998 924 2066 impune
935 2014 982 2066 per
993 1997 1097 2048 umbras

529 2080 657 2132 Attonitae
668 2081 731 2132 mihi
743 2082 799 2132 visa
810 2081 912 2133 Venus.

425 2189 458 2255 Si
470 2191 551 2255 enim
564 2215 603 2255 ex
614 2191 1005 2278 reliquiiscogitationum,
1014 2204 1069 2255 aut
1083 2192 1207 2257 Cereris
1221 2190 1374 2256 Bacchive

422 2294 558 2358 stimulis
580 2296 712 2359 incitata
734 2293 844 2359 Venus
863 2307 1020 2372 occurrat,
1036 2293 1262 2358 insomniorum
1289 2295 1374 2357 vani-

421 2398 480 2461 tati
493 2395 607 2459 rectius
618 2394 843 2482 applicabitur,
853 2418 928 2481 quae
939 2395 1043 2459 omnia
1055 2397 1269 2483 conjectorum
1283 2395 1376 2460 disci-

421 2496 518 2583 plina,
532 2500 623 2583 quasi
639 2519 719 2561 vana
735 2496 919 2576 contemnit,
929 2496 1026 2582 juxta
1040 2497 1120 2561 illud
1139 2497 1197 2560 viri
1214 2497 1373 2583 sapientis,

525 2606 631 2659 Somnia
641 2625 675 2659 ne
687 2625 768 2671 curae,
780 2625 841 2659 nam
853 2624 926 2659 mena
937 2607 1060 2671 humana,
1072 2607 1140 2676 qnod
1152 2612 1233 2677 optat,

525 2691 597 2744 Dum
607 2690 708 2758 vigilat,
721 2697 817 2763 sperat,
828 2708 874 2762 per
886 2709 1004 2744 somnum
1015 2693 1097 2744 cernit
1108 2692 1136 2743 id
1148 2692 1241 2762 ipsum.

423 2785 587 2850 Interdum
613 2800 716 2851 tamen
744 2802 776 2853 et
799 2810 856 2873 per
878 2787 1050 2852 antithesin
1075 2810 1191 2862 rerum,
1213 2789 1375 2874 sequenda

422 2901 498 2953 sunt
522 2887 665 2951 veritatis
687 2889 833 2974 vestigia,
850 2888 931 2953 sicut
955 2910 1054 2974 quum
1080 2890 1202 2973 Magno
1224 2891 1378 2974 Pompeio

419 2990 512 3054 ruina
526 2990 714 3067 immineret,
727 2990 884 3055 contraria
900 2992 976 3055 visis
991 2990 1161 3056 vaticinata
1177 2993 1279 3076 quies,
1292 2989 1371 3055 laeti-

418 3093 558 3180 tiamque
569 3094 666 3170 urbis,
680 3093 790 3180 populi
807 3093 1013 3179 tripudiantis
1025 3092 1193 3179 praeconia,
1207 3092 1369 3178 plausum-

354 3220 363 3234 *
417 3219 479 3281 que
505 3196 621 3260 theatri
644 3196 703 3274 sui,
724 3196 813 3282 quasi
837 3218 871 3258 re
895 3196 994 3260 totius
1020 3194 1144 3280 imperii
1167 3195 1247 3258 bene
1269 3207 1369 3279 gesta,

416 3299 546 3362 fortuna
561 3298 693 3384 perituri
715 3298 807 3361 ducis
823 3297 923 3360 oculis
938 3297 1111 3381 ingerebat.
1158 3297 1224 3359 Res
1239 3319 1370 3381 quoque

419 3422 492 3485 quae
507 3402 612 3487 turpis
628 3414 659 3465 et
675 3399 821 3464 obscaena
836 3411 884 3462 est
898 3399 930 3460 in
948 3398 1126 3482 superficie,
1141 3397 1371 3462 honestissimae

421 3500 564 3565 veritatis
580 3498 773 3585 quandoque
796 3498 1005 3562 substantiam
1022 3498 1112 3579 tegit.
1157 3500 1194 3562 C.
1212 3500 1320 3563 Caesar
1342 3501 1374 3564 in

417 3602 531 3665 minori
546 3611 641 3665 aetate
656 3599 688 3662 in
704 3599 820 3661 somnis
835 3597 895 3663 sibi
917 3601 1003 3662 visus
1017 3609 1065 3660 est
1087 3598 1197 3661 matris
1219 3602 1371 3663 incestare

415 3699 573 3774 cubicula,
581 3714 612 3765 et
623 3699 823 3786 turpitudine
835 3699 956 3785 soporis
968 3698 1133 3774 attonitus,
1142 3710 1241 3782 qu'um
1253 3721 1318 3762 rem
1327 3702 1369 3765 ad

414 3802 653 3867 mathematicos
667 3801 835 3877 retulisset,
850 3801 1027 3865 universam
1044 3812 1160 3863 terram
1173 3798 1287 3864 ditioni
1299 3801 1368 3887 ejus

412 3905 639 3991 subjiciendam
666 3902 910 3989 responderunt.
957 3900 1009 3967 Sic
1034 3900 1143 3985 itaque
1170 3903 1363 3984 magnanimi

412 4008 470 4071 viri
486 4029 568 4094 spes,
583 4008 623 4070 ad
639 4004 860 4092 occupandum
877 4002 1043 4089 imperium
1060 4015 1164 4065 erecta
1179 4014 1238 4065 est.
1267 4005 1367 4067 Deni-

411 4132 473 4192 que
492 4107 531 4171 ad
556 4106 688 4193 speciem
709 4104 785 4169 facti
810 4103 882 4190 quis
897 4103 979 4168 Uria
996 4102 1135 4189 justior?
1164 4102 1235 4187 quis
1255 4105 1362 4168 David

408 4211 539 4296 nequior
564 4223 619 4274 aut
646 4207 825 4272 crudelior?
858 4230 951 4292 quern
978 4204 1071 4268 decor
1102 4204 1290 4269 Bethsabeae
1319 4208 1359 4270 ad

407 4311 630 4396 proditionem,
660 4306 879 4385 homicidium,
908 4320 939 4370 et
973 4303 1166 4368 adulterium
1203 4303 1359 4369 invitavit.
