3384 5234
335 665 407 709 ern.
423 650 471 728 nl
686 666 941 711 eonvennrreus.
1227 650 1286 709 lea

329 818 517 899 assequitur.
556 815 608 880 Sic
626 816 769 881 adulator
785 819 915 901 quidem
932 838 994 880 non
1010 836 1135 898 semper
1150 810 1282 898 decipit,

295 912 298 916 ’
328 929 383 983 aut
397 918 436 980 de
452 920 556 982 amico
571 920 756 1001 triumphat.
802 918 883 982 Fine
906 930 1010 982 tamen
1028 939 1087 980 suo
1104 939 1168 979 non
1184 915 1279 979 desti-

329 1022 435 1100 tuitur,
451 1021 477 1083 si
493 1042 534 1083 ex
551 1021 811 1100 contingentibus
826 1022 904 1083 nibil
921 1020 1068 1082 omiserit.
1107 1021 1177 1082 Nec
1193 1020 1279 1081 enim

329 1124 454 1205 Ulyxes
475 1123 617 1185 Sirenum
635 1143 729 1184 voces
752 1123 863 1198 evasit,
879 1120 964 1204 quod
987 1122 1016 1182 ei
1038 1120 1161 1202 aliquid
1177 1120 1280 1183 suavi·

328 1225 399 1286 tatis
415 1224 541 1286 deesset
557 1222 597 1285 ad
613 1224 756 1303 gratiam,
773 1222 828 1285 sed
850 1223 925 1306 quia
945 1223 1081 1285 stimulis
1095 1223 1281 1304 voluptatis,

327 1335 359 1388 et
379 1325 650 1388 meretricantibus
670 1325 829 1387 illecebris
846 1324 1004 1397 vanitatis,
1029 1324 1139 1386 solidae
1155 1324 1279 1386 virtutis

328 1436 521 1508 opposuerat
542 1425 646 1487 robur.
692 1425 846 1487 Tentator
871 1446 1000 1507 quoque
1031 1422 1222 1501 Pharisaeus,
1245 1434 1278 1486 et

328 1526 534 1589 Herodianus
547 1526 726 1603 insidiator,
741 1547 822 1609 quas
839 1525 956 1588 fraudis
970 1547 1035 1589 suae
1051 1548 1114 1588 nou
1131 1526 1279 1589 adhibuit

327 1636 420 1700 artes,
436 1637 471 1688 ut
485 1648 558 1689 eum
581 1636 734 1708 caperent
753 1628 784 1687 iu
809 1646 954 1688 sermone
975 1627 1086 1705 lingua
1106 1626 1227 1704 dolosa,
1241 1628 1275 1689 iu

328 1728 421 1812 cujus
435 1750 487 1790 ore
508 1750 571 1791 non
593 1739 642 1791 est
660 1730 808 1791 iuventus
830 1724 946 1790 dolus?
982 1729 1146 1810 Magister,
1162 1731 1276 1813 inquit,

326 1832 445 1894 scimus
465 1831 539 1913 quia
552 1852 650 1892 verax
671 1852 716 1908 eS,
732 1840 763 1893 et
779 1832 862 1892 viam
886 1831 950 1893 Dei
972 1831 1005 1893 in
1021 1832 1151 1894 veritate
1167 1832 1278 1906 doces,

327 1944 360 1995 et
381 1955 446 1995 nou
469 1933 598 1995 esttibi
621 1953 697 1996 cura
719 1932 759 1996 de
783 1934 902 2017 aliquo,
918 1954 1023 2015 neque
1047 1935 1131 1996 euim
1154 1935 1275 2017 accipis

326 2056 478 2117 personas
507 2036 683 2098 hominum.
739 2035 824 2107 Quid
860 2057 969 2118 quaeso
998 2035 1171 2100 blandius?
1210 2036 1276 2099 Sed

327 2135 419 2198 dolus
434 2158 497 2220 quo
517 2135 637 2212 tendat,
652 2135 773 2198 invidia
796 2158 859 2220 quo
880 2137 1007 2215 feratur,
1022 2138 1165 2222 subjecta
1179 2138 1276 2201 inter-

325 2239 445 2319 rogatio
460 2238 621 2321 patefecit.
660 2237 811 2320 Sequitur
825 2240 925 2301 enim:
945 2241 1037 2303 Licet
1051 2262 1183 2304 censum
1198 2241 1274 2303 dare

320 2334 453 2411 Caesari,
485 2359 524 2401 au
556 2337 643 2401 non?
689 2339 779 2400 Ecce
810 2340 946 2422 laqueus
977 2354 1105 2423 paratur
1135 2342 1273 2425 pedibus

324 2439 515 2517 innocentis,
538 2440 634 2502 etad
658 2440 895 2503 subversionem
921 2442 990 2524 ejus
1013 2443 1178 2525 decipulas
1200 2465 1274 2506 suas

323 2537 437 2602 frustra
451 2539 588 2603 tetendit
609 2540 771 2623 iniquitas.
817 2540 853 2603 Si
873 2542 957 2603 enim
978 2563 1108 2604 censum
1129 2542 1272 2605 dandum

323 2659 392 2702 esse
415 2640 585 2717 censuerit,
607 2640 800 2721 peculiarem
819 2643 976 2722 populum
1000 2641 1143 2718 Domini,
1163 2662 1273 2703 semen

322 2741 469 2817 liberum,
484 2742 666 2824 praeclaram
688 2742 909 2805 haereditatem
925 2743 1066 2817 Domini,
1083 2742 1216 2805 decimis
1240 2753 1273 2806 et

322 2842 482 2924 primitiis,
501 2851 533 2905 et
554 2843 712 2924 legalibus
728 2845 916 2907 ceremoniis
939 2855 1060 2908 tantum
1083 2846 1270 2922 obnoxiam,

321 2942 470 3026 subjiciet
491 2942 640 3006 servituti.
687 2944 723 3007 Si
738 2965 809 3007 vero
832 2947 951 3008 tributa
972 2946 1120 3027 neganda
1141 2967 1271 3029 respon-

322 3045 407 3108 derit
419 3044 479 3122 bis,
491 3044 547 3129 qui
563 3066 620 3128 pro
636 3046 738 3108 salute
754 3054 787 3108 et
800 3046 907 3130 quiete
923 3047 1065 3109 omnium
1080 3048 1269 3125 militabant,

320 3147 411 3229 quasi
426 3145 591 3209 seditionis
606 3157 726 3225 auctor,
736 3158 767 3210 et
778 3168 850 3210 reus
861 3149 1069 3231 imperatoriae
1085 3148 1271 3232 majestatis,

319 3270 339 3311 a
353 3249 535 3332 publicanis
544 3249 634 3332 juste
645 3249 762 3332 poterit
776 3250 1014 3331 comprehendi.
1059 3253 1177 3316 Verum
1194 3256 1269 3337 quia

318 3349 433 3411 frustra
456 3350 576 3433 jacitur
601 3361 666 3412 rete
692 3362 766 3414 ante
791 3353 902 3414 oculos
931 3362 1150 3435 pennatorum,
1174 3356 1269 3419 totius

320 3450 486 3512 calumniae
500 3450 606 3532 laquei
617 3449 844 3527 dissolvuntur,
854 3451 929 3514 dum
941 3454 1064 3535 prolato
1080 3456 1269 3520 numismate

322 3571 450 3627 census,
462 3571 550 3612 suam
567 3550 682 3635 cuique
699 3552 824 3615 censuit
831 3552 1059 3615 restituendam
1076 3575 1145 3618 esse
1160 3557 1270 3639 imagi-

319 3673 411 3727 nem,
438 3653 535 3715 etita
558 3673 631 3735 quae
653 3652 789 3716 Caesaris
812 3666 896 3729 sunt,
919 3654 1039 3717 Caesari
1063 3658 1269 3737 restituenda,

316 3766 352 3816 ut
378 3774 435 3816 suo
454 3753 527 3837 jure
552 3755 641 3817 Deus
666 3776 730 3816 nou
758 3754 971 3819 defraudetur.
1015 3758 1178 3841 Equidem
1201 3782 1268 3823 non

316 3856 464 3918 omuibus
480 3856 588 3919 datum
609 3867 668 3929 est,
684 3866 719 3919 ut
738 3857 964 3921 blanditiarum
984 3860 1116 3944 laqueos
1132 3862 1178 3925 sic
1194 3884 1266 3925 eva·

317 3954 404 4033 dant,
421 3979 519 4041 quum
534 3978 589 4020 eos
604 3958 686 4019 alius
701 3977 765 4019 non
780 3959 964 4040 praevideat,
979 3961 1061 4023 alius
1076 3963 1171 4024 etiam
1186 3984 1267 4045 prae·

317 4057 404 4120 visos
426 4068 563 4141 nequeat
587 4057 759 4123 declinare.
806 4060 916 4122 Unum
938 4072 1043 4124 tamen
1068 4075 1188 4125 certum
1212 4077 1269 4139 est,

316 4158 391 4235 illis,
414 4160 469 4241 qui
492 4159 566 4222 huic
590 4159 666 4220 vitio
690 4158 791 4223 dediti
815 4171 899 4237 sunt,
925 4182 989 4223 non
1015 4164 1115 4243 magis
1137 4166 1266 4245 placere

318 4255 474 4330 virtutem,
487 4280 583 4340 quam
595 4258 669 4321 illos
683 4260 765 4322 bene
778 4260 873 4335 olere,
886 4260 941 4340 qui
953 4261 985 4321 iu
997 4262 1104 4323 culina
1115 4262 1267 4325 habitant.

365 4373 435 4418 vor..
453 4376 503 4422 111.
795 4378 815 4421 ο
