3384 5234
449 679 511 739 340
592 694 727 740 Joauurs
743 692 1023 738 sanasnnrunnsrs
1041 690 1296 736 Pocrcnarrons.

452 846 492 911 ad
508 848 622 911 ostium
640 847 846 911 contemtoris
862 844 1017 909 studiosiu
1027 844 1182 927 spulsaut.
1215 839 1311 914 Quod
1326 841 1400 903 bea·

450 957 502 1010 tus
522 950 688 1030 Eugenius
706 968 837 1010 munera
857 947 982 1010 cautius
1003 946 1165 1025 abigebat,
1182 943 1222 1007 ad
1243 964 1317 1006 eum
1341 964 1399 1004 un·

451 1049 547 1133 dique
573 1049 781 1132 multiplicius
812 1048 1026 1111 confluebant.
1081 1048 1157 1109 Hoc
1184 1065 1310 1129 quoqne
1335 1044 1402 1106 fere

450 1154 570 1237 ubique
591 1152 719 1227 accidit,
735 1163 771 1215 ut
790 1152 925 1233 fugiant,
946 1150 1022 1214 dum
1045 1159 1238 1233 quaeruntur,
1254 1147 1329 1210 dum
1353 1146 1402 1208 fu-

452 1264 565 1334 gantur
580 1254 769 1316 accelerant,
815 1252 861 1315 Et
875 1252 945 1314 haec
962 1249 1093 1335 quidem
1102 1250 1152 1313 via
1163 1248 1402 1332 compendiosa,

450 1364 483 1418 et
502 1354 725 1417 honestissima
746 1366 795 1417 est
813 1353 856 1417 ad
877 1354 1011 1417 divitias.
1058 1351 1164 1427 Quum
1179 1350 1265 1414 enim
1281 1350 1401 1413 divitiae

450 1454 621 1539 prudenter
641 1455 865 1533 excluduntur,
885 1464 917 1517 et
942 1454 1006 1517 rita
1026 1461 1143 1516 aetema
1162 1451 1347 1535 acquiritur,
1368 1459 1401 1512 et

451 1557 597 1619 cumulus
613 1555 790 1619 divitiarum
805 1556 942 1619 accedit.
977 1555 1022 1617 Et
1037 1555 1064 1617 si
1079 1555 1141 1617 hoc
1157 1554 1251 1616 nimis
1266 1552 1401 1616 arduum

450 1657 575 1721 videtur
589 1658 670 1736 aliis,
685 1660 734 1721 vel
750 1678 769 1721 a
778 1657 945 1743 judicibus
964 1667 1027 1720 tam
1053 1655 1288 1730 ecclesiasticis,
1304 1675 1400 1738 quam

450 1758 633 1836 mundanis,
660 1759 715 1841 qui
740 1758 937 1841 professione
965 1769 1019 1820 aut
1045 1766 1244 1820 sacramento
1264 1754 1399 1838 justitiae

429 1920 431 1924 .
450 1860 584 1941 obligati
600 1870 684 1937 sunt,
699 1860 826 1943 impleri
841 1869 977 1941 oportet.
1009 1861 1225 1941 Utrorumque
1241 1855 1400 1939 siquidem

449 1960 549 2023 forma
567 1961 695 2024 Samuel
719 1972 776 2039 est,
792 1962 846 2045 qui
868 1961 914 2024 sic
934 1961 1063 2044 praefuit
1086 1958 1264 2036 sacrificiis,
1279 1968 1315 2020 nt
1332 1978 1400 2019 non

447 2074 590 2144 parceret
609 2063 758 2142 sanguini
775 2064 952 2145 impiorum,
969 2063 1015 2125 sic
1033 2061 1160 2146 judicia
1184 2070 1317 2143 utraque
1340 2078 1399 2120 ex·

449 2163 558 2240 arcuit,
576 2183 617 2224 ne
633 2163 731 2224 ullum
753 2164 958 2246 opprimeret,
975 2175 1007 2226 et
1029 2162 1069 2225 de
1083 2183 1181 2225 manu
1206 2160 1397 2244 cujusquam

447 2261 527 2322 nihil
553 2263 688 2345 accepit.
751 2265 825 2325 Hoc
851 2273 984 2326 testatur
1009 2263 1207 2327 conscientia
1231 2260 1402 2337 Samuelis,

449 2371 611 2424 attestatur
626 2375 658 2425 et
677 2365 827 2448 populus,
844 2376 876 2426 et
900 2374 1007 2427 tamen
1023 2386 1089 2427 non
1113 2365 1191 2427 satis
1213 2363 1251 2427 fit
1273 2361 1400 2425 consci-

448 2464 543 2527 entiae
558 2466 764 2549 scrupulosae,
780 2467 839 2530 nisi
856 2477 1053 2530 sacramento
1069 2488 1158 2530 suum
1175 2466 1313 2550 populus
1327 2474 1401 2526 tes·

448 2568 614 2631 timonium
633 2569 802 2632 roboraret.
847 2569 902 2631 Ait
920 2569 1021 2631 enim:
1048 2568 1155 2631 Testis
1172 2579 1219 2631 est
1236 2566 1399 2629 Dominus

448 2669 598 2733 adversus
613 2691 681 2747 ros,
695 2680 727 2732 et
742 2671 829 2733 testis
845 2670 990 2734 Christus
1005 2670 1073 2754 ejus
1098 2670 1132 2732 in
1157 2667 1208 2731 die
1234 2667 1307 2739 hac,
1323 2665 1402 2748 quia

447 2792 511 2833 non
532 2770 714 2832 inveneritis
737 2771 769 2832 in
794 2791 891 2833 manu
914 2792 986 2832 mea
1008 2770 1184 2854 quippiam.
1228 2769 1274 2831 Et
1296 2766 1400 2830 dixit:

447 2873 562 2935 Testis.
607 2872 797 2956 cuicunque
820 2873 968 2936 obtestati
987 2872 1200 2957 provinciales
1221 2871 1285 2934 talc
1311 2871 1401 2934 testi·

447 2977 590 3035 monium
605 2974 784 3056 perhibent,
801 2973 840 3037 ad
857 2974 1015 3058 judicium
1031 2973 1271 3057 omnipotentis,
1285 2982 1317 3035 et
1331 2992 1402 3035 om·

447 3074 499 3138 nia
524 3076 653 3139 scientis
673 3076 738 3139 Dei
762 3097 893 3140 securus
917 3076 1059 3139 accedat.
1104 3075 1239 3140 Provide
1261 3096 1402 3157 namque

448 3197 576 3239 causam
602 3177 737 3253 instruit,
762 3180 816 3261 qui
841 3178 875 3240 in
900 3178 1048 3240 examine
1073 3177 1301 3241 conscientiam
1325 3196 1400 3258 pro·

448 3275 550 3354 ducit,
564 3287 596 3341 et
610 3277 695 3340 diem
709 3278 896 3358 humanum,
912 3299 1045 3361 quorum
1062 3290 1109 3343 est
1118 3279 1224 3364 judex
1251 3278 1403 3342 conscius

445 3379 478 3441 in
500 3382 642 3442 excelso.
687 3380 752 3451 Qui
775 3402 847 3443 vero
874 3402 948 3444 cum
969 3380 1117 3444 Samuele
1135 3402 1201 3443 non
1225 3379 1402 3443 discutiunt

448 3482 501 3545 hic
512 3481 636 3566 judicia
651 3502 718 3560 sua,
734 3482 792 3546 sed
807 3484 946 3567 prompti
962 3481 1003 3545 ad
1025 3483 1251 3546 excusationes
1264 3481 1299 3543 in
1322 3500 1399 3561 pec·

449 3583 540 3658 catis,
557 3583 648 3665 quasi
662 3584 735 3647 lotis
749 3586 899 3649 manibus
915 3607 987 3649 cum
1003 3584 1106 3647 Pilato
1132 3585 1282 3660 clamant,
1306 3602 1399 3643 mun·

445 3793 667 3864 peccaverunt,
683 3795 783 3865 etper
796 3787 901 3867 legem
916 3786 1161 3849 damnabuntur.
1205 3778 1269 3842 Sed
1292 3790 1325 3840 et
1348 3778 1398 3842 illi

446 3881 662 3945 damnationis
676 3893 768 3946 erunt
782 3887 968 3968 participes,
993 3885 1048 3967 qui
1071 3903 1127 3945 eos
1150 3888 1285 3963 possunt
1308 3880 1397 3944 cohi·

443 3986 518 4048 bere
534 4003 594 4046 nec
610 3985 728 4046 volunt.
773 3986 818 4047 Et
834 3984 874 4048 de
888 3984 939 4046 his
963 3983 1091 4067 quidem
1108 3981 1184 4046 satis
1200 3980 1323 4045 dictum
1347 3995 1397 4047 est

397 4083 400 4089 ’
443 4087 588 4171 sapienti.
632 4084 771 4150 Proinde
798 4087 840 4151 ad
856 4086 1094 4171 proportionem
1109 4106 1271 4163 manuum,
1298 4104 1394 4166 quam

445 4188 636 4252 Plutarchus
651 4188 789 4265 induxit,
805 4199 944 4254 transeat
960 4188 1070 4271 stylus.
