3384 5234
421 658 482 718 192
676 672 812 717 Joaurus
829 672 1107 718 saansaarunusrs
1221 656 1302 735 [um.
1319 676 1371 722 ιιι.

419 828 523 908 gentis
558 834 590 889 et
624 824 742 886 urentis
777 822 985 887 conscientiae
1017 824 1148 898 stimuli,
1183 824 1372 890 meticulosa

418 926 516 990 corda
530 925 729 1003 concutiunt,
743 934 775 987 et
793 923 989 1007 praecipuam
1005 924 1038 985 in
1055 924 1203 987 omnibus
1218 925 1281 988 sibi
1296 948 1371 988 ven-

418 1027 528 1091 dicant
538 1025 767 1090 auctoritatem.
799 1024 890 1087 Adeo
902 1024 1043 1107 quidem,
1053 1035 1088 1086 ut
1100 1024 1282 1088 sacerdotes
1290 1028 1371 1108 legis

419 1129 534 1191 divinae
563 1136 728 1211 praccepta
760 1123 972 1202 dissimulent,
1002 1124 1191 1205 sapientiam
1226 1127 1372 1190 nesciant

420 1229 571 1304 seniores,
579 1226 662 1309 juris
677 1225 718 1287 sit
727 1223 833 1307 judex
852 1225 994 1305 ignarus,
1009 1225 1159 1307 praelatus
1175 1228 1372 1290 auctoritatis

420 1326 559 1401 nescius,
581 1323 762 1406 disciplinae
790 1323 964 1406 subjectus,
985 1324 1165 1388 libertatem
1188 1336 1372 1389 contemnat

419 1426 586 1507 ingenuus,
601 1433 686 1485 totus
708 1421 846 1503 denique
869 1423 1008 1504 populus
1031 1423 1170 1505 quictem
1193 1435 1224 1486 et
1245 1445 1371 1507 pacem.

419 1527 508 1589 Dum
523 1525 607 1588 enim
628 1543 739 1585 omnes
759 1522 855 1584 unius
874 1522 1075 1605 praesidentis
1092 1526 1252 1588 voluntate
1268 1526 1371 1588 seruu-

419 1635 480 1702 tur,
491 1624 628 1688 universi
644 1633 677 1685 et
691 1622 809 1702 singuli
823 1643 882 1684 suo
898 1624 1061 1705 privantur
1075 1625 1217 1688 arbitrio.
1252 1627 1371 1689 Nonne

420 1727 490 1789 hmo
507 1735 574 1790 erat
587 1724 687 1787 facies
703 1724 864 1805 temporis,
881 1724 1012 1805 quando

699 1836 796 1889 Sedere
809 1842 894 1907 patres
906 1855 1011 1890 censere
1022 1841 1116 1910 parati,

526 1924 555 1976 Si
566 1940 683 1991 reguum,
695 1922 718 1973 si
729 1921 828 1992 templa
839 1927 922 1993 petat,
930 1923 1104 1994 jugulumque
1116 1930 1230 1990 sonabas,

525 2006 702 2074 Passurasque
712 2004 818 2056 infanda
829 2022 922 2057 nurus:

421 2132 523 2194 eoque
539 2112 607 2173 solo
621 2111 704 2173 bene
727 2130 801 2172 curn
817 2110 941 2173 civibus
956 2123 1061 2174 actum
1085 2117 1145 2183 est,
1160 2109 1247 2192 quod
1265 2109 1374 2173 Caesar

420 2215 512 2296 plura
527 2212 642 2296 jubere
663 2212 799 2289 erubuit,
814 2233 909 2295 quam
930 2214 1036 2275 Roma
1054 2209 1146 2295 pati?
1184 2211 1302 2273 Nonne
1323 2221 1372 2293 ty-

420 2314 511 2377 ranni
531 2313 652 2396 opinio,
668 2312 710 2374 ad
730 2312 906 2395 tyrannidis
924 2312 1050 2375 transiit
1069 2332 1279 2389 successores,
1295 2312 1373 2375 dum

421 2410 724 2495 suspicantur,quod
734 2411 1011 2491 legesasomaluit
1020 2411 1101 2488 tolli,
1112 2432 1206 2495 quam
1217 2412 1257 2473 ab
1267 2411 1372 2474 humi·

421 2514 507 2577 libus
528 2513 711 2576 observari?
740 2512 773 2573 ia
791 2532 894 2595 eoque
915 2512 1075 2575 libertatis
1090 2524 1231 2575 servatur
1251 2514 1375 2590 umbra,

420 2614 448 2678 si
464 2636 498 2678 se
513 2615 648 2699 quisque
663 2612 749 2696 quod
769 2614 954 2696 praecipitur
974 2614 1101 2677 simulat
1114 2614 1265 2690 voluisse,
1280 2613 1372 2677 facit·

421 2739 496 2801 que,
512 2719 576 2779 imo
592 2715 715 2778 videtur
730 2715 843 2791 facere,
861 2714 900 2778 de
916 2716 1106 2779 necessitate
1122 2715 1280 2788 virtutem,
1296 2713 1372 2778 dum

421 2815 605 2880 necessitati
623 2814 732 2898 jungit
752 2834 956 2888 consensum,
973 2825 1005 2876 at
1025 2815 1113 2897 quod
1133 2813 1291 2877 incumbit
1305 2835 1374 2895 gra-

420 2927 523 2980 tanter
551 2914 763 2998 amplectitur.
813 2914 881 2977 Hic
911 2935 1006 2997 porro
1035 2916 1132 2977 unllae
1163 2926 1239 2980 sunt
1266 2926 1372 2998 partes

421 3038 512 3092 verae,
528 3025 582 3080 aut
602 3016 750 3095 ingenuae
771 3013 936 3092 libertatis,
953 3013 1009 3077 ubi
1028 3026 1131 3078 totum
1151 3015 1212 3077 sibi
1234 3015 1373 3077 adulatio

421 3117 579 3193 vendicat,
594 3115 715 3178 vanitas
737 3125 850 3190 totum,
871 3114 1015 3198 nihilque
1032 3114 1156 3178 veritati
1177 3114 1374 3199 relinquitur,

421 3226 478 3280 aut
504 3216 619 3280 virtuti.
664 3213 893 3278 Adulationem
918 3236 991 3277 vero
1018 3216 1087 3279 siue
1111 3214 1188 3278 dolo
1212 3236 1282 3279 esse
1308 3236 1374 3277 non

421 3317 558 3395 dubites,
569 3337 668 3399 quum
680 3316 712 3378 in
725 3315 922 3379 adulatorum
938 3336 1075 3398 persona
1086 3316 1126 3378 de
1137 3337 1170 3378 se
1181 3315 1372 3379 confiteatur

421 3417 537 3494 Gnat0‚
562 3418 637 3500 quia
658 3435 756 3497 quum
783 3416 924 3478 maxime
947 3415 1076 3499 decipio
1100 3426 1175 3479 tuuc
1198 3415 1370 3498 triumpho.

421 3517 512 3578 Sicut
540 3516 626 3579 enim
657 3516 729 3579 finis
758 3515 892 3578 oratoris
922 3526 970 3579 est
995 3516 1190 3599 persuasisse
1218 3516 1372 3588 dictione,

421 3614 538 3676 medici
554 3637 678 3678 curasse
697 3615 876 3691 medicina,
898 3616 945 3679 sic
961 3617 1133 3679 adulatoris
1149 3616 1224 3678 finis
1238 3625 1287 3678 est
1300 3635 1371 3677 sua-

422 3714 562 3795 viloquio
578 3711 752 3795 decepisse.
798 3717 882 3777 Nam
899 3727 931 3779 et

527 3824 629 3878 Fistula
640 3825 713 3877 dulce
725 3827 803 3888 canit,
815 3826 945 3880 volucrem
957 3830 1018 3882 dum
1030 3830 1126 3899 decipit
1137 3846 1248 3900 anceps:

420 3926 466 3989 Et
488 3943 610 3985 venena
631 3922 838 4003 propinantur
861 3926 955 3988 mello
978 3927 1167 4004 circumlita,
1191 3947 1255 4009 quo
1278 3924 1373 3989 citius

422 4033 568 4089 noceant.
612 4023 731 4084 Verum

526 4129 588 4181 Non
600 4133 641 4181 est
652 4128 679 4179 in
691 4127 790 4179 medico
805 4146 907 4201 semper
918 4131 1049 4184 relevetur
1060 4137 1090 4185 ut
1100 4149 1179 4199 oeger,

418 4238 450 4294 et
470 4228 567 4290 finem
590 4245 682 4287 suum
705 4224 759 4307 qui
781 4224 816 4287 in
837 4226 936 4288 altero
956 4239 1014 4303 est,
1029 4238 1134 4290 orator
1154 4247 1221 4289 non
1242 4246 1368 4309 semper
