3384 5234
410 677 451 735 ut
668 687 804 733 sonuum
823 685 1100 733 sunasunmnusrs
1225 668 1305 749 [nni.
1323 687 1359 732 11.

410 862 493 905 nunc
507 840 708 925 praesidentis
723 838 922 903 miseratione
933 839 1067 925 rejectos
1081 840 1113 903 in
1131 860 1229 903 cunas
1240 840 1359 925 reponi.

412 942 492 1020 Quis
521 942 570 1005 vel
599 963 704 1006 coecus
734 940 793 1004 boc
823 940 1055 1006 ludificantium
1086 941 1266 1007 daemonum
1297 963 1360 1004 non

411 1042 518 1108 videat
533 1066 600 1107 esse
615 1042 814 1128 nequitiam?
846 1043 941 1119 Quod
964 1047 1016 1107 vel
1038 1066 1077 1107 ex
1092 1066 1131 1107 eo
1150 1054 1250 1129 patet,
1271 1042 1360 1127 quod

412 1143 607 1208 mulierculis
621 1156 653 1207 et
669 1142 744 1206 viris
759 1143 1005 1227 simplicioribus
1026 1157 1057 1209 et
1079 1142 1306 1209 infirmioribus
1328 1142 1361 1206 in

410 1244 485 1324 lide,
499 1243 561 1309 ista
581 1242 782 1330 proveniunt.
829 1242 862 1306 Si
883 1264 959 1307 vero
980 1244 1151 1331 quisquam
1173 1266 1282 1307 eorum
1306 1242 1363 1328 qui

410 1345 471 1409 bac
492 1345 637 1409 illusione
659 1345 835 1420 laborabat,
858 1345 899 1408 ab
921 1344 1031 1432 aliquo
1052 1357 1241 1416 constanter,
1264 1357 1295 1408 et
1322 1366 1361 1406 ex

411 1447 509 1531 signis
541 1448 703 1533 aliquibus
735 1459 902 1534 arguatur,
932 1447 1124 1513 daemonium
1163 1446 1268 1510 statim
1307 1459 1364 1510 aut

413 1561 594 1633 superatur,
607 1562 663 1614 aut
679 1549 775 1628 cedit,
785 1561 817 1612 et
834 1561 871 1613 ut
882 1548 1013 1625 dicitur,
1025 1572 1064 1612 ex
1080 1571 1145 1634 quo
1160 1548 1231 1633 quis
1245 1550 1278 1611 in
1295 1547 1365 1611 luce

411 1652 570 1735 arguitur,
593 1663 715 1714 cessant
741 1672 837 1733 opera
864 1651 1077 1714 tenebrarum.
1124 1651 1235 1735 Hujus
1256 1665 1363 1715 autem

411 1752 508 1837 pestis
523 1774 600 1816 cura
615 1752 826 1815 efficacissima
844 1767 904 1827 est,
921 1763 958 1814 ut
980 1750 1075 1815 fidem
1098 1752 1172 1837 quis
1187 1752 1364 1838 amplexus,

410 1853 461 1917 his
484 1853 654 1917 mendaciis
678 1851 844 1915 subtrahat
871 1850 986 1915 mentis
1007 1852 1165 1928 auditum,
1189 1865 1221 1916 et
1247 1876 1363 1939 nequa-

410 1977 507 2040 quam
535 1954 680 2040 respiciat
705 1954 747 2017 ad
773 1953 957 2037 hujusmodi
984 1954 1140 2018 vanitates
1166 1968 1198 2018 et
1228 1955 1365 2018 insanias

410 2057 515 2121 falsas.

411 2330 490 2412 Cap.
512 2333 559 2391 le.
582 2328 635 2391 De
646 2328 868 2411 fundamento
890 2328 1140 2405 Mathematicus,
1164 2319 1195 2391 et
1216 2330 1366 2391 coercitio

453 2449 617 2503 emerium,
634 2436 664 2492 et
678 2430 801 2493 viribus
815 2433 947 2507 anima,
963 2437 994 2493 et
1016 2430 1159 2513 prosectu
1174 2432 1320 2507 caturcis,
1335 2438 1366 2492 et

453 2533 595 2619 efficacia
611 2532 792 2596 liberalium
808 2532 1065 2615 disciplinarum.

455 2670 575 2732 Possm
591 2668 712 2733 utinam
730 2679 796 2733 tam
812 2668 904 2732 facile
927 2667 1221 2732 matbematicorum
1237 2690 1325 2731 error
1347 2692 1366 2731 a

412 2770 687 2856 praestantioribus
702 2768 815 2833 animis
829 2771 980 2845 amoveri,
995 2792 1092 2855 quarn
1108 2770 1220 2834 leviter
1235 2770 1267 2834 in
1290 2793 1364 2834 con·

412 2884 523 2957 spectu
540 2894 623 2937 verae
637 2871 711 2935 fidei
727 2883 760 2936 et
776 2893 860 2936 sanae
874 2870 1074 2936 conscientiae
1096 2871 1229 2937 istarum
1249 2872 1368 2936 illusio-

411 2995 488 3037 num
515 2976 672 3038 daemonia
697 2975 936 3060 conquiescunt.
986 2974 1198 3038 Veruntamen
1221 2997 1259 3037 eo
1285 2976 1367 3059 peri-

412 3075 552 3140 culosius
574 3087 692 3147 errant,
716 3079 834 3161 quoin
863 3076 1022 3141 soliditate
1048 3089 1184 3156 naturae,
1205 3088 1237 3139 et
1260 3077 1367 3160 vigore

412 3178 669 3258 rationis,>sunm
691 3179 827 3243 fundare
850 3176 1000 3243 videntur
1022 3200 1169 3242 errorem.
1217 3178 1368 3240 Temera-

412 3277 494 3343 rium
521 3279 679 3363 siquidem
705 3278 833 3342 videtur
863 3278 1018 3341 universis
1047 3281 1080 3341 in
1111 3278 1214 3363 legem
1244 3292 1367 3343 naturae

412 3380 625 3464 praevaricari,
640 3392 673 3442 et
688 3378 834 3453 stultum,
851 3379 952 3462 gratis
969 3379 1137 3443 dissentire
1151 3380 1192 3443 ab
1214 3403 1262 3455 eo,
1278 3380 1367 3466 quod

412 3480 493 3545 ratio
518 3480 684 3566 persuasit.
739 3484 766 3542 A
795 3478 874 3542 veris
903 3502 980 3563 ergo
1005 3493 1136 3545 sumunt
1164 3480 1303 3559 initium,
1330 3495 1367 3546 ut

412 3603 469 3664 per
493 3603 567 3644 vera
592 3579 714 3643 diutius
739 3579 931 3663 gradientes,
959 3603 992 3643 se
1017 3593 1048 3643 et
1076 3581 1265 3665 sequipedas
1294 3605 1368 3645 suos

413 3680 612 3766 praecipitent
627 3680 658 3743 in
676 3680 837 3767 laqueum,
852 3693 884 3744 et
900 3681 1025 3745 foveam
1040 3680 1197 3745 salsitatis.
1237 3681 1365 3744 Mathe-

413 3783 470 3846 sim
482 3804 559 3867 ergo
570 3781 778 3868 probabilem,
792 3805 865 3867 quae
877 3781 1053 3867 penultima
1064 3782 1154 3846 brevi
1166 3785 1365 3857 enunciatur,

412 3907 506 3971 quam
534 3897 566 3949 et
591 3896 705 3948 natura
731 3882 866 3960 inducit,
892 3884 975 3948 ratio
1004 3885 1130 3969 probat,
1157 3896 1189 3948 et
1218 3883 1366 3948 utilitatis

410 3985 602 4073 experientia
624 3985 793 4071 approbat,
814 3985 905 4071 quasi
929 3985 1090 4071 quoddam
1116 3985 1269 4049 doctrinae
1297 4008 1363 4049 suae

406 4089 532 4176 jaciunt
554 4087 811 4165 fundamentum,
831 4101 868 4152 ut
890 4087 1005 4151 exinde
1027 4088 1210 4172 opinionum
1235 4110 1364 4152 suarum

411 4193 533 4259 lubrico
553 4191 643 4278 quasi
669 4190 806 4276 quadam
830 4189 968 4275 imagine
991 4191 1134 4265 rationiS,
1150 4190 1181 4253 in
1206 4191 1362 4255 mathesin

413 4297 590 4382 reprobam,
613 4315 687 4378 quae
710 4293 872 4379 profertur
897 4305 1026 4357 extensa
1052 4292 1239 4376 penultima,
1263 4294 1367 4379 perni-
