3384 5234
365 691 437 740 aar.
452 675 526 754 vta]
733 688 988 737 aonrcntrmus.
1259 679 1323 740 285

365 867 423 909 nec
433 866 576 929 egressus
585 866 653 909 sum
664 844 791 909 ostium.
816 844 850 907 Si
862 842 1029 907 adversum
1040 865 1091 907 me
1101 854 1185 910 terra
1194 845 1323 925 clamat,

365 959 481 1012 etcum
497 948 568 1034 ipsa
582 945 661 1010 sulci
676 946 746 1031 ejus
761 942 900 1018 deflent;
934 945 960 1007 si
976 944 1101 1009 fructus
1116 947 1187 1033 ejus
1201 946 1322 1011 comedi

365 1050 486 1135 absque
508 1051 653 1136 pecunia,
673 1060 705 1111 et
728 1046 863 1111 animam
888 1044 1099 1130 agricolarum
1122 1048 1191 1135 ejus
1212 1048 1324 1129 afflixi,

367 1173 426 1236 pro
434 1151 596 1215 frumento
604 1149 728 1213 oriatur
737 1147 815 1212 mihi
824 1146 976 1225 tribulus,
985 1161 1017 1214 et
1026 1171 1085 1235 pro
1095 1149 1215 1214 hordeo
1223 1150 1324 1236 spina.

368 1254 418 1315 An
436 1275 498 1316 non
514 1251 617 1316 credis
632 1273 704 1313 eum
726 1248 892 1315 ambulare
906 1248 937 1313 in
952 1249 1122 1316 latitudine
1143 1250 1325 1315 delitiarum

368 1354 443 1430 Dei,
465 1354 521 1440 qui
543 1352 583 1417 de
606 1352 702 1418 corde
724 1373 817 1438 puro,
833 1364 865 1415 et
887 1351 1077 1417 conscientia
1098 1351 1193 1430 bona,
1209 1365 1240 1416 et
1263 1352 1326 1417 fide

368 1478 430 1519 non
446 1455 533 1533 licta,
548 1456 609 1520 sub
624 1455 852 1543 imprecatione
872 1466 962 1518 tanta
982 1453 1022 1518 de
1044 1478 1077 1519 se
1098 1454 1160 1519 ista
1183 1454 1325 1520 fatetur?

369 1557 450 1633 Quis
474 1557 608 1621 istorum
639 1557 809 1622 verborum
835 1554 995 1620 desiderat
1021 1555 1326 1642 interpretationem,

369 1670 426 1722 aut
440 1660 473 1721 in
490 1670 579 1722 tanta
595 1657 753 1723 virtutum
767 1658 840 1722 luce
856 1679 919 1720 non
934 1656 1046 1721 videt?
1073 1656 1217 1723 Nimium
1234 1657 1327 1743 plane

370 1758 467 1824 hebes
481 1772 542 1835 est,
555 1771 587 1823 et
602 1759 706 1825 obtusi
722 1758 853 1845 ingenii,
865 1758 917 1822 cui
934 1780 991 1845 per
1006 1781 1039 1823 se
1053 1758 1115 1823 ista
1129 1781 1192 1822 non
1208 1759 1326 1826 lucent.

370 1865 409 1927 In
428 1882 527 1925 unum
543 1859 596 1923 hic
610 1859 749 1947 plurima
762 1872 990 1946 congeruntur,
1001 1883 1139 1946 quorum
1152 1861 1202 1924 vel
1214 1883 1327 1939 unum,

370 1965 480 2029 orbem
511 1964 671 2050 quendam
703 1962 862 2028 illustrare
892 1966 1060 2029 sufficeret.
1106 1963 1141 2031 Si
1171 1964 1329 2051 principes

371 2065 463 2152 plura
474 2067 590 2152 legere,
602 2066 648 2129 vel
661 2064 772 2129 audire
781 2064 962 2141 fastidiunt,
973 2065 1082 2130 saltem
1099 2065 1158 2129 hoc
1167 2065 1328 2130 tantillum

370 2170 489 2256 legant,
516 2168 660 2248 audiant,
687 2181 720 2233 et
745 2166 953 2253 inquisitione
982 2166 1130 2254 diligenti
1156 2167 1329 2234 discutiant

372 2271 450 2337 dum
459 2270 635 2336 imitentur.
667 2269 821 2355 Sequitur
831 2268 914 2332 enim
927 2268 960 2332 in
972 2268 1100 2334 eodem:
1127 2268 1160 2333 Si
1172 2270 1331 2336 audierint

373 2396 475 2458 reges,
502 2384 535 2437 et
558 2370 797 2436 observaverint
824 2393 932 2434 vocem
961 2371 1103 2449 Domini,
1125 2373 1331 2458 complebunt

373 2474 443 2538 dies
458 2496 533 2539 suos
547 2472 579 2537 in
595 2473 691 2550 bono,
706 2485 737 2536 et
758 2493 857 2535 annos
872 2493 946 2535 suos
967 2471 1000 2534 in
1015 2470 1127 2555 gloria.
1173 2471 1208 2538 Si
1222 2485 1330 2538 autem

374 2600 437 2641 non
448 2575 620 2651 audierint,
634 2573 816 2639 transibunt
828 2594 886 2657 per
902 2570 1055 2655 gladium,
1064 2584 1096 2636 et
1108 2585 1332 2638 consumentur

378 2675 526 2742 stultitia.
557 2674 697 2739 Videsne
710 2672 875 2738 inutilium
890 2695 1001 2758 regum
1014 2672 1176 2759 duplicem
1188 2674 1332 2739 exitum?

375 2782 442 2843 Aut
458 2776 541 2840 enim
557 2798 614 2863 per
628 2774 772 2860 gladium
789 2788 967 2856 transeunt,
981 2788 1039 2840 aut
1060 2774 1198 2841 stultitia
1219 2798 1333 2841 consu-

376 2889 519 2942 muntur.
557 2881 603 2943 Et
617 2889 700 2942 recte
713 2876 866 2941 dicuntur
882 2876 1015 2942 transire
1030 2899 1088 2962 per
1102 2876 1258 2962 gladium,
1269 2900 1332 2942 non

375 2977 474 3060 finiri,
487 3000 525 3041 eo
541 2976 629 3063 quod
647 2975 776 3063 gladius
791 2976 884 3064 quasi
906 2976 1037 3061 quidam
1053 2976 1207 3043 transitus
1225 2990 1274 3044 est
1288 2978 1335 3043 eis

377 3080 419 3144 ad
439 3079 557 3159 locum,
580 3079 636 3143 ubi
660 3078 840 3145 secuudum
862 3077 1103 3143 multitudinem
1125 3063 1333 3165 iniquitatum

377 3203 519 3264 suarum,
573 3192 676 3247 tentes
691 3193 838 3268 potenter
853 3180 1043 3267 puniuntur.
1074 3180 1182 3246 Sedet
1198 3180 1336 3247 stultitia

376 3285 535 3351 consumit
564 3284 691 3372 impios,
713 3285 788 3371 quia
814 3284 846 3349 in
875 3283 1075 3371 depressione
1101 3284 1212 3370 populi
1238 3286 1336 3351 robur

377 3387 531 3474 principis
545 3399 725 3453 enervatur.
768 3386 916 3474 Populus
931 3409 1069 3472 namque
1089 3388 1258 3464 contritus,
1273 3386 1333 3451 eri-

378 3511 454 3575 gere
469 3489 551 3554 vires
565 3487 717 3577 principis
731 3510 794 3553 non
809 3502 925 3574 potest,
939 3500 996 3554 aut
1010 3510 1073 3552 non
1088 3487 1169 3553 vult.

382 3830 461 3915 Cap.
478 3840 508 3897 7.
533 3832 614 3900 Qua
636 3832 722 3894 mala
746 3831 797 3895 vel
818 3831 901 3894 bonu
923 3828 1069 3915 aaljectis
1088 3834 1279 3915 proueniant
1302 3833 1340 3895 de

423 3935 563 3997 moribus
581 3936 791 4017 principum:
821 3933 907 4015 quod
927 3940 958 3997 et
984 3936 1164 4017 aliquorum
1186 3940 1339 4015 stratege-

424 4037 547 4099 maticis
563 4037 731 4100 roboratur
745 4037 908 4117 coemptis.

426 4190 546 4270 Quam,
563 4190 677 4279 inquit,
693 4190 749 4277 qui
764 4189 864 4254 mittit
878 4188 1019 4275 lapidem
1034 4190 1068 4254 in
1083 4211 1232 4255 acervum
1252 4188 1339 4253 Mer·

384 4290 473 4369 curii,
489 4291 534 4355 sic
556 4294 611 4378 qui
626 4292 683 4357 dat
702 4290 864 4375 insipienti
884 4290 1047 4356 honoram.
1092 4291 1163 4355 Hoc
1178 4313 1199 4355 a
1212 4290 1343 4356 diversis
