3384 5234
666 699 801 743 nonnius
818 699 1099 744 sonssnsnnsnsrs
1225 684 1308 762 [nin.
1325 700 1361 743 11.

517 847 561 899 Sic
573 846 670 911 oculos,
682 848 719 899 sic
730 847 775 900 ille
786 866 887 913 manus,
899 849 936 900 sic
948 865 993 900 oro
1004 847 1114 910 ferebat,

514 933 549 984 Et
560 950 627 985 nuuc
639 932 733 1002 aquali
744 938 832 986 tecum
843 934 997 1004 pubesceret
1007 950 1070 987 oevo.

411 1059 529 1123 Verum
546 1058 572 1121 si
587 1057 626 1121 ad
644 1056 829 1142 incorporea
841 1056 1066 1122 divertendum
1077 1069 1134 1133 est,
1147 1061 1269 1121 ratione
1283 1082 1365 1143 opus

409 1172 457 1224 est
472 1171 504 1223 et
519 1158 695 1235 intellectu,
711 1181 813 1244 quum
838 1160 960 1244 absque
982 1158 1189 1243 intelligentia
1210 1161 1278 1225 haec
1302 1184 1365 1224 non

409 1260 535 1325 valeant
555 1260 791 1347 comprehendi,
808 1273 840 1325 et
856 1284 965 1324 verum
987 1285 1049 1325 non
1066 1262 1165 1347 possit
1179 1285 1245 1326 esse
1260 1262 1300 1326 de
1316 1263 1366 1327 his

409 1363 476 1427 sine
498 1364 619 1427 ratione
637 1363 807 1449 judicium.
856 1363 1042 1429 Intellectus
1063 1364 1172 1450 itaque
1194 1363 1264 1428 aliis
1288 1365 1364 1429 defi-

408 1465 577 1543 cientibus,
600 1465 701 1530 exerit
724 1466 807 1531 vires
829 1489 912 1547 suas,
935 1481 967 1531 et
990 1470 1082 1553 quasi
1104 1466 1136 1529 in
1159 1457 1364 1532 arce'animae

408 1568 602 1633 constitutus
616 1569 722 1632 omnia
735 1568 885 1633 inferiora
900 1566 1135 1654 complectitur,
1148 1590 1247 1653 quum
1264 1568 1305 1632 ab
1320 1572 1367 1632 in-

407 1665 574 1733 ferioribus
589 1670 753 1753 superiora
768 1680 929 1754 nequeant
944 1668 1180 1754 comprehendi.
1219 1670 1265 1734 Et
1276 1693 1361 1733 nunc

408 1767 538 1856 quidem
559 1790 610 1833 res
630 1780 667 1832 ut
690 1781 776 1846 sunt,
792 1791 877 1833 nunc
902 1769 994 1833 aliter
1013 1770 1168 1845 intuetur,
1185 1793 1270 1836 nunc
1291 1776 1364 1835 sirn-

408 1870 544 1958 pliciter,
569 1892 654 1935 nunc
682 1872 866 1955 composite,
893 1893 976 1936 nunc
1006 1870 1158 1935 distincta
1187 1872 1365 1958 conjungit,

407 1994 492 2038 nunc
517 1973 688 2057 conjuncta
712 1970 873 2045 distrahit,
897 1986 928 2035 et
956 1971 1121 2056 disjungit.
1168 1973 1362 2058 Simpliciter

407 2095 485 2158 ergo
499 2072 616 2137 incedit
629 2070 823 2152 intellectus,
838 2071 916 2135 dum
936 2094 1003 2135 rem
1026 2072 1204 2157 quamlibet
1220 2085 1359 2136 contem-

405 2174 525 2261 platur,
539 2186 620 2259 puta
642 2173 813 2249 hominem,
833 2195 994 2259 equumve
1016 2172 1224 2258 concipiens·
1251 2175 1357 2249 Quum
1449 2236 1456 2249 ,

406 2299 481 2342 vero
503 2298 552 2340 res
573 2275 681 2362 plures
701 2274 860 2360 gradatim
883 2273 1115 2359 complectitur,
1136 2273 1356 2358 compositioni

405 2374 562 2441 obnoxius
576 2388 633 2440 est.
674 2377 760 2440 Puta
775 2375 834 2440 hoc
848 2374 1056 2456 intellectum,
1071 2375 1230 2438 hominem
1247 2373 1357 2438 album

405 2500 564 2564 equumve
578 2498 704 2542 currere
722 2488 828 2541 mente
842 2476 1064 2561 complectens.
1101 2476 1272 2561 Disjuncta
1288 2499 1361 2539 con-

404 2579 525 2667 jungit,
541 2590 578 2644 ut
591 2578 617 2643 si

513 2712 639 2765 Humano
651 2715 731 2785 capiti
742 2714 870 2767 cervicem
878 2714 974 2784 jrmget
985 2714 1107 2781 equinam

608 2834 614 2848 .
629 2837 635 2849 .
650 2799 753 2851 .varias
764 2798 889 2851 inducens
899 2798 1013 2867 undique
1027 2797 1136 2869 plumas,

408 2938 455 3005 ut,
465 2927 563 3011 juxta
577 2940 715 3012 poetam,

825 3058 945 3130 'lurpiter
955 3064 1041 3111 atrum

546 3146 657 3199 Desinat
668 3145 695 3196 iu
706 3146 805 3216 piscem
815 3145 909 3198 mulier
920 3143 1029 3198 formosa
1042 3162 1160 3217 superne.

406 3278 504 3339 Hunc
521 3296 594 3336 vero
609 3272 649 3336 ad
670 3273 833 3338 auditores
854 3296 928 3337 suos
943 3274 1041 3337 verbo
1058 3273 1221 3359 trajiciunt
1237 3275 1359 3351 Poetae,

405 3397 507 3461 quum
522 3372 750 3447 hircocervum,
766 3384 954 3436 centaurum
971 3371 1168 3450 describunt,
1185 3386 1216 3438 et
1232 3375 1359 3439 chimae·

405 3498 481 3538 ram.
529 3472 708 3556 Conjuncta
724 3494 799 3534 vero
822 3471 990 3555 disjungit,
1008 3483 1045 3535 ut
1061 3475 1087 3535 si
1102 3473 1235 3537 formam
1254 3488 1357 3541 teneat

405 3576 525 3659 absque
547 3570 689 3645 materia,
706 3593 807 3656 quum
831 3585 936 3637 tamen
960 3572 1026 3635 sine
1047 3596 1083 3635 ea
1105 3573 1208 3637 forma
1231 3578 1360 3640 omnino

404 3698 471 3739 esse
492 3696 553 3737 non
574 3672 684 3759 possit,
700 3671 760 3735 nisi
780 3673 885 3737 forma
907 3673 1044 3749 essendi,
1060 3685 1091 3737 et
1110 3674 1137 3736 ei
1158 3673 1356 3739 adhaerentes

403 3778 514 3841 formae
535 3775 721 3853 formarum,
744 3797 784 3838 ex
808 3774 926 3859 quibus
948 3774 1012 3838 illae
1034 3774 1206 3853 fluxerunt,
1227 3799 1301 3860 quae
1323 3776 1355 3839 in

403 3880 536 3945 materia
560 3888 633 3941 sunt
655 3888 687 3940 et
709 3899 826 3963 corpus
856 3877 1006 3941 efficiunt.
1052 3879 1153 3940 Porro
1177 3900 1278 3960 quum
1306 3901 1356 3944 res

403 3983 495 4047 aliter
509 4002 606 4066 quarn
622 3981 694 4054 sint,
707 3978 925 4064 componendo
940 3977 1078 4063 inspicit,
1095 4002 1132 4041 eo
1147 3977 1233 4065 quod
1249 4002 1356 4044 cassus

404 4094 461 4161 est,
476 4093 508 4145 et
522 4103 542 4143 a
556 4100 660 4142 rerum
674 4078 807 4142 veritate
818 4077 976 4153 deficiens,
989 4076 1029 4141 ad
1045 4077 1203 4163 opinionis
1218 4102 1355 4144 errorem

406 4182 518 4268 vergit,
533 4194 565 4244 et
582 4178 688 4243 siesse
710 4178 831 4254 asserit,
849 4178 927 4241 velle
950 4200 1011 4241 non
1028 4201 1105 4258 esse,
1120 4177 1213 4263 pleno
1229 4179 1354 4244 nomine

405 4282 511 4370 opinio
533 4293 589 4347 est.
636 4279 697 4344 Sed
721 4278 793 4344 licet
815 4278 907 4344 aliter
930 4302 1026 4365 quarn
1052 4280 1127 4357 sint,
1150 4280 1226 4345 dum
1250 4295 1355 4347 tamen
