3384 5234
287 707 358 751 cae.
377 690 450 769 vm]
638 704 892 751 rotronnrroos.
1178 693 1237 750 ‘291

288 857 434 940 remiges,
450 865 636 919 contentum
650 855 744 920 frusse
757 854 901 920 traditur.
942 854 1073 919 Attilius
1085 853 1241 937 Regulus,

288 979 388 1043 quum
410 957 542 1022 summis
558 956 653 1022 rebus
673 957 861 1042 praeluisset,
877 957 957 1020 adeo
978 977 1099 1042 pauper
1120 955 1191 1037 luit,
1207 967 1243 1020 ut

289 1082 332 1136 se,
356 1060 536 1145 conjugem,
558 1059 738 1145 libemsque
764 1058 914 1124 toleraret
939 1058 1052 1143 agello,
1076 1058 1131 1146 qui
1157 1059 1242 1122 cole·

289 1161 384 1226 batur
398 1183 455 1247 per
469 1183 569 1226 unum
585 1160 737 1227 villicum.
777 1161 878 1246 Cujus
892 1161 1002 1225 audita
1016 1176 1128 1240 morte,
1143 1159 1240 1246 scrip·

290 1263 330 1328 sit
355 1264 487 1328 Senatui
510 1265 550 1329 de
573 1284 751 1328 successore
773 1262 834 1326 sibi
857 1263 1004 1338 creando,
1028 1273 1061 1326 11
1083 1261 1241 1326 destitutis

290 1365 385 1431 rebus
399 1366 490 1432 obitu
506 1366 598 1445 servi,
613 1365 822 1430 necessariam
839 1386 907 1430 esse
922 1364 1122 1452 praesantiam
1139 1386 1239 1429 suam.

292 1469 331 1534 C.
359 1469 467 1555 Scipio
491 1481 562 1555 post
586 1492 635 1533 res
658 1491 807 1555 prospere
831 1468 864 1531 in
890 1467 1047 1554 Hispania
1071 1478 1185 1552 gestas,
1207 1467 1239 1530 in

291 1593 416 1636 summa
445 1583 630 1658 paupertate
660 1571 805 1647 decessit,
832 1593 873 1635 ne
904 1593 942 1634 ea
971 1570 1100 1658 quidem
1132 1569 1242 1634 relicta

291 1675 437 1760 pecunia,
453 1697 527 1761 quae
550 1674 706 1740 sufficeret
729 1675 761 1738 in
784 1674 892 1738 dotem
916 1673 1071 1752 filiarum3
1100 1696 1179 1760 quas
1200 1673 1248 1738 ob.

290 1775 431 1861 inopiam
447 1776 575 1861 publice
589 1775 710 1841 dotavit
725 1780 871 1842 Senatus.
919 1775 1009 1839 Idem
1029 1774 1244 1860 praestiterunt

294 1878 507 1943 Athenienses
519 1878 591 1942 liliis
605 1876 753 1943 Aristidis
772 1889 843 1963 post
854 1876 1118 1963 amplissimarum
1135 1899 1242 1941 rerum

248 2017 251 2022 ·
293 1978 599 2044 administrationem
639 1979 672 2043 in
707 2000 831 2042 summa
866 1989 1052 2063 paupertate
1087 1977 1242 2042 defuncti.

295 2081 460 2146 Hannibal
486 2081 527 2146 de
554 2095 646 2146 nocte
673 2104 801 2167 surgere
827 2081 937 2146 solitus
967 2104 1030 2145 non
1060 2081 1245 2168 quiescebat

292 2195 366 2248 ante
392 2199 531 2263 noctem,
559 2184 744 2272 crepusculo
769 2184 902 2249 demum
928 2185 1028 2249 socios
1052 2184 1092 2247 ad
1120 2206 1242 2248 coenam

292 2286 437 2366 vocabat,
452 2309 557 2374 neque
577 2288 714 2373 amplius
735 2308 832 2373 quam
847 2286 972 2350 duobus
994 2285 1084 2349 lectis
1106 2284 1251 2348 discum--

292 2388 429 2454 bebatur
453 2390 539 2475 apud
564 2412 651 2454 eum.
706 2388 798 2451 Idem
825 2409 924 2473 quum
953 2387 1012 2450 sub
1043 2386 1245 2450 Hasdrubale

178 2500 185 2510 '
292 2490 444 2556 militaret
472 2495 681 2577 Imperatore,
704 2489 895 2575 plerumque
921 2509 1015 2572 super
1041 2487 1160 2551 nudam
1187 2488 1246 2551 hu-

292 2612 393 2672 mum,
414 2592 523 2676 sagulo
546 2603 659 2667 tectus,
682 2610 808 2653 somnos
831 2588 987 2672 capiebat.
1032 2586 1244 2651 AEmilianum

297 2693 479 2777 Scipionem
492 2690 627 2754 traditur
638 2690 671 2753 in
682 2689 796 2753 itinere
808 2710 882 2752 cum
895 2688 1005 2752 amicis
1015 2685 1246 2765 ambulantem,

296 2802 427 2877 accepto
449 2813 531 2876 pane
547 2791 630 2856 vesci
653 2790 790 2857 solitum.
837 2790 920 2856 Item
944 2779 977 2855 et
998 2792 1039 2855 de
1064 2790 1247 2855 Alexandro

298 2893 478 2958 Macedone
493 2892 619 2957 dicitur.
661 2894 824 2977 Augustus
840 2892 950 2957 Caesar
964 2893 1088 2956 minImi
1101 2893 1162 2958 cibi
1178 2905 1247 2957 1111

296 3007 392 3083 atque
413 2995 559 3080 vulgaris.
606 2994 687 3059 Fere
710 2995 932 3060 secundarium
956 3018 1084 3081 panem,
1100 3007 1133 3059 11
1154 2996 1247 3082 pisci·

296 3099 384 3163 culos
398 3098 548 3174 minutos,
564 3108 597 3161 et
612 3118 740 3161 caseum
757 3096 902 3162 bibulum
925 3119 1023 3161 manu
1045 3119 1200 3183 pressum,
1215 3110 1249 3161 et

296 3202 376 3266 ficus
402 3200 530 3277 biferas,
552 3198 667 3264 virides
688 3198 838 3276 1111111111,
861 3200 1043 3285 appetebat.
1089 3201 1249 3265 Vesceba·

295 3315 410 3391 turque
440 3316 514 3367 aute
544 3324 680 3379 coenam,
710 3324 902 3390 quocunque
937 3313 1080 3389 tempore
1110 3315 1144 3368 et
1178 3302 1248 3368 loco
1347 3310 1349 3315 ’

297 3406 478 3472 stomachus
492 3405 709 3471 desiderasset.
757 3406 854 3473 Unde
876 3404 943 3491 ipse
957 3395 1001 3470 in
1013 3407 1151 3493 quadam
1167 3407 1248 3493 epis·

296 3507 374 3572 tola:
400 3506 471 3571 Nec
486 3506 618 3571 Judaeus
629 3506 791 3594 equidem,
804 3507 849 3570 mi
865 3506 988 3584 Tiberi,
1001 3518 1068 3571 tam
1079 3507 1250 3593 diIIgenter

302 3610 472 3675 sabbatum
499 3621 612 3684 servat,
636 3631 733 3700 quam
763 3631 823 3694 ego
852 3609 948 3702 hodie
977 3609 1109 3692 servavi,
1131 3611 1186 3697 qui
1216 3613 1249 3676 in

296 3710 413 3776 balneo
442 3721 513 3797 post
541 3710 652 3774 horam
682 3708 818 3795 primam
848 3709 960 3802 noetis,
988 3709 1068 3775 duas
1101 3710 1251 3777 buccatas

298 3811 498 3894 manducavi,
521 3810 705 3898 priusquam
731 3810 808 3896 ungi
830 3809 1014 3897 inciperem.
1062 3813 1147 3878 Iram
1172 3836 1251 3901 quo-

298 3936 361 3999 que
388 3913 538 3978 citissime
568 3912 763 3990 remittebat,
790 3911 883 4031 (111,Ἱ
899 3914 1079 3999 injuriantis
1107 3915 1250 3980 animum

300 4013 422 4080 videret
440 4015 656 4100 immutatum.
703 4014 748 4078 Et
770 4015 940 4101 sicut1pse
963 4018 1102 4097 dicebat,
1118 4018 1252 4082 celerius

299 4139 397 4202 quam
433 4114 576 4201 asparagi
605 4127 806 4208 coquantur-..³¹
827 4118 929 4182 {Hoc
957 4119 1044 4182 enirn
1073 4119 1171 4183 verbo
1206 4120 1251 4183 rei

297 4217 455 4282 festinatae
470 4217 673 4282 velocitatem
689 4197 1015 4304 sola'batexprImere.
1057 4219 1094 4282 ln
1106 4242 1252 4285 sermone

299 4318 457 4406 siquidem
469 4328 501 4380 et
512 4317 585 4395 hoc,
596 4328 629 4381 et
640 4317 789 4404 quasdam
802 4319 865 4383 alia
877 4319 1026 4385 nobiliter
1037 4333 1254 4408 usurpaverat,

758 4430 814 4487 112
