3384 5234
403 653 463 714 184
656 662 792 711 romula
808 661 1087 710 saansnnnrnnns
1186 640 1281 720 ‘[n1n.
1298 658 1350 706 111.

401 818 585 883 admittatur
599 820 761 894 exclusus,
777 819 826 880 vel
841 816 1003 878 emittatur
1016 814 1170 889 inclusus,
1189 811 1266 874 dum
1282 831 1350 873 car·

400 914 1352 999 mffiMMmmmmmnfflmwmmm

401 1016 574 1080 subtilitate
589 1036 722 1079 necesse
734 1026 783 1078 est
794 1015 880 1093 exui,
892 1026 929 1078 ut
939 1036 994 1098 per
1004 1011 1146 1076 foramen
1162 1031 1239 1074 acus
1248 1010 1351 1093 possit

402 1119 471 1182 aine
487 1120 574 1181 omni
591 1117 750 1181 attritione
766 1118 899 1181 transiri.
945 1116 1096 1199 Alioquin
1116 1114 1239 1195 integer
1253 1133 1349 1175 nemo

403 1218 576 1302 egreditur3
597 1220 677 1283 forte
687 1218 772 1297 ideo,
782 1219 858 1301 quia
867 1239 1020 1301 capacem
1030 1219 1114 1280 banc
1125 1216 1256 1279 aream“
1267 1215 1351 1297 Styx

401 1320 514 1383 novies
528 1320 683 1383 interfusa
701 1320 857 1383 coercet.”
900 1319 988 1396 Vidi,
1003 1319 1109 1402 inquit
1123 1316 1351 1394 Ecclesiastes,

404 1433 521 1486 cuncta
550 1424 610 1484 sub
634 1422 712 1498 sole,
740 1434 774 1485 et
795 1443 872 1485 ecce
894 1421 1000 1484 statim
1022 1420 1129 1482 omnia
1157 1419 1291 1495 vanitas,
1312 1439 1350 1481 eo

406 1520 492 1601 quod
513 1521 630 1599 omnia,
653 1543 724 1605 quae
747 1542 766 1584 a
789 1519 891 1583 solido
915 1520 1055 1582 veritatis
1077 1528 1160 1581 statu
1190 1516 1351 1593 recedant,

404 1621 546 1698 vanitati,
569 1643 640 1705 quae
666 1634 805 1685 nostram
836 1620 1037 1685 Comoediam
1061 1620 1185 1698 deceat,
1209 1619 1354 1703 subjecta

404 1730 488 1784 sunt.
534 1721 675 1784 Vanitati
687 1722 772 1785 enirn
784 1720 928 1804 subjecta
938 1732 988 1783 est
999 1729 1140 1784 creatura
1150 1742 1215 1782 non
1232 1721 1351 1782 volens.

404 1821 497 1885 Licet
512 1822 596 1885 enim
612 1843 724 1885 novem
740 1824 882 1896 orbibus,
904 1822 971 1884 sive
986 1822 1091 1903 globis
1106 1822 1214 1902 potius
1229 1820 1352 1884 sedium

403 1934 579 1986 nostrarum
603 1923 758 1986 habitatio
780 1934 847 1986 tota
876 1921 1051 2000 claudatur,
1073 1923 1222 1984 omnibus
1247 1934 1352 1985 tamen

406 2023 599 2106 quandoque
622 2023 850 2101 egrediendum
870 2035 929 2098 est,
946 2044 1121 2104 omnesque
1145 2022 1274 2084 Charon
1297 2024 1351 2085 ille

403 2122 612 2185 inexorabilis
627 2133 748 2184 vetusta
764 2122 813 2183 sui
829 2123 980 2203 temporis
995 2123 1229 2206 navetrajiciet.
1274 2124 1351 2185 Om-

403 2224 499 2287 nibus
519 2242 647 2305 quoque
669 2221 843 2284 succedent
864 2222 929 2297 alii,
951 2232 984 2285 et
1006 2222 1052 2285 sic
1076 2223 1234 2285 transiens
1254 2224 1352 2285 homo

355 2309 358 2315 ⁴
403 2333 512 2387 manet
533 2324 566 2386 in
590 2322 711 2405 specie,
734 2322 1004 2405 quemadmodum
1027 2345 1110 2407 aqua
1131 2335 1353 2408 praetereunte,

402 2436 497 2489 notus
512 2424 615 2487 amnis
630 2434 738 2485 manet
751 2424 785 2485 in
800 2424 941 2486 flumine.
987 2426 1053 2488 Ubi
1066 2439 1149 2499 sunt,
1164 2426 1280 2510 inquit,
1294 2427 1352 2489 viri

402 2537 561 2609 potentes,
578 2527 619 2587 ab
634 2524 728 2587 initio
743 2524 881 2587 scientes
899 2526 1031 2604 bellum,
1045 2538 1101 2590 aut
1116 2527 1171 2609 qui
1187 2527 1219 2589 in
1240 2529 1353 2590 avibus

404 2627 477 2690 coeli
491 2624 617 2701 ludunt,
636 2635 668 2688 et
682 2625 897 2689 thesaurizant
915 2627 979 2690 sibi
993 2649 1115 2706 aurum,
1133 2629 1168 2691 in
1188 2651 1251 2711 quo
1274 2647 1351 2691 con·

403 2727 508 2790 fidunt
520 2727 679 2802 homines,
687 2726 859 2809 jungentes
868 2748 980 2807 agrum
994 2751 1079 2810 agro,
1088 2728 1218 2792 domum
1230 2731 1352 2806 domui,

404 2850 506 2911 usque
529 2828 570 2892 ad
586 2828 737 2891 terminos
758 2829 833 2907 loci,
847 2840 880 2892 et
895 2851 961 2893 non
976 2844 1025 2894 est
1046 2830 1120 2895 finis
1142 2832 1353 2915 possessionis

406 2952 524 2994 corum.
569 2929 749 3014 Statimque
765 2930 913 3014 subjecit,
928 2932 1015 3015 quod
1037 2954 1098 2996 usu
1112 2943 1146 2996 et
1168 2933 1351 2997 assiduitate

398 3031 469 3115 jam
490 3030 639 3094 omnibus
660 3051 844 3112 persuasum
867 3044 935 3095 est:
960 3034 995 3094 hi
1017 3033 1058 3096 ad
1080 3035 1198 3097 inferos
1219 3035 1353 3098 descen·

404 3132 529 3206 derunt,
546 3130 641 3194 etalii
652 3132 686 3193 in
700 3133 806 3195 locum
817 3133 1182 3199 illorumsuccesserunt.
1228 3138 1349 3199 Verun-

404 3232 1351 3319 tmwffioemmmfflmmwfflmwmmwmc

404 3332 538 3395 fortunae
560 3328 637 3393 ludo
653 3332 891 3408 transferuntur,
910 3331 1061 3415 ejiciendi
1083 3334 1116 3395 in
1133 3337 1280 3400 tenebras
1294 3337 1355 3399 ex·'

405 3422 1349 3523 mmwfflmfflmmfflmmmmmmw

404 3535 494 3615 aquis
508 3533 638 3611 nivium,
662 3556 741 3616 quas
756 3546 886 3598 sanctus
903 3536 966 3598 Job
987 3551 1224 3619 commemorat,
1243 3542 1285 3605 ad
1301 3564 1353 3607 ca·

406 3636 506 3696 loram
536 3635 667 3695 nimium
694 3636 824 3699 minime
855 3649 1028 3701 transeunt.
1075 3643 1164 3704 Bene
1188 3664 1261 3705 cum
1290 3645 1354 3706 illis

406 3729 521 3809 agitur,
542 3728 596 3809 qui
617 3749 692 3791 suos
712 3743 903 3813 exspectant
921 3735 1061 3815 Elysios,
1083 3758 1163 3820 quos
1185 3741 1357 3822 praescntia

406 3852 463 3894 sua
472 3828 607 3911 justitiae
628 3831 673 3891 sol
698 3852 788 3893 verus
809 3833 953 3896 illustrat.
1000 3837 1065 3900 Sed
1088 3840 1166 3922 quid
1187 3852 1247 3916 est,
1268 3844 1356 3927 quod

405 3931 534 4015 Elysios
564 3950 694 4013 campos
717 3953 735 3994 a
757 3935 959 3998 mutabilium
987 3960 1092 4003 rernm
1122 3945 1222 4026 septis
1250 3946 1356 4009 verbis

405 4030 569 4097 excludo?
601 4032 695 4095 Certe
718 4054 775 4115 pro
799 4049 887 4118 parte
910 4039 1026 4103 inclusi
1048 4056 1132 4121 sunt,
1155 4056 1301 4127 patentes
1323 4049 1357 4109 in

403 4130 571 4197 latitudine
585 4135 737 4198 bonarum
749 4138 903 4199 mentium
915 4163 924 4216 ;
947 4141 1064 4223 quibus
1073 4166 1092 4207 a
1100 4156 1189 4226 patre
1201 4146 1356 4209 luminum

403 4236 515 4312 ,datum
532 4246 590 4313 est,
607 4246 641 4299 ut
655 4236 687 4300 in
700 4237 811 4301 notitia
827 4249 973 4316 etamore
989 4244 1077 4320 boni,
1092 4255 1159 4308 toto
1175 4246 1225 4309 sui
1234 4247 1355 4329 agitatu
