3384 5234
367 685 438 730 cnr.
453 668 552 742 xvir]
703 680 960 727 POLYORATICUS·
1259 669 1321 727 387
1349 747 1353 752 η

367 837 515 919 pretium,
541 837 637 899 etiam
664 843 742 897 aetas
771 835 870 897 altera
884 833 1008 911 sordet,
1031 833 1076 897 sic
1104 833 1255 913 diligitur,
1283 845 1318 897 ut

368 934 443 998 dum
473 936 664 999 innocenter
691 934 792 997 teneri
814 942 939 1016 potest,
968 934 1088 997 nullius
1122 934 1318 998 difficultatis

365 1037 504 1101 irruente
528 1037 660 1100 articulo
682 1036 887 1118 propellatur.
935 1034 989 1097 Sic
1011 1055 1087 1115 ergo
1102 1035 1256 1099 servanda
1271 1044 1319 1098 est

367 1140 441 1216 vita,
455 1150 491 1202 ut
505 1140 547 1202 sit
561 1138 758 1219 contemptui
771 1160 780 1213 ;
803 1138 850 1200 sic
866 1135 1101 1201 contemnenda
1120 1149 1178 1215 est,
1193 1148 1229 1200 ut
1245 1160 1317 1221 pro·

368 1240 571 1303 ficiatsaluti.
616 1238 680 1303 Sed
697 1239 769 1321 quis
784 1248 833 1301 est
855 1239 910 1322 qui
931 1237 1029 1301 hodie
1050 1246 1234 1301 contemnat
1252 1240 1320 1300 aui-

365 1361 461 1413 mam,
485 1361 583 1423 quum
614 1340 731 1416 nullus,
754 1354 809 1402 aut
834 1360 923 1401 rarus
952 1335 1001 1416 sit,
1024 1339 1079 1422 qui
1108 1349 1176 1402 toto
1203 1339 1319 1401 mentis

368 1441 458 1504 hiatu
472 1441 642 1523 pecuniam
658 1461 723 1503 non
739 1439 968 1522 concupiscat?
1004 1438 1144 1515 Quidni?

474 1555 561 1617 Quum
572 1570 653 1621 genus
665 1559 692 1606 et
702 1552 811 1606 formam
822 1554 914 1621 regina
925 1555 1034 1624 pecunia
1046 1555 1133 1617 donet,

473 1640 515 1691 Ae
525 1640 592 1692 bene
602 1644 765 1691 nummatum
777 1638 884 1691 decoret
895 1639 1002 1692 suadela
1016 1640 1168 1709 Venusque,

370 1743 426 1827 qui
442 1744 532 1807 dives
552 1753 611 1818 est,
627 1745 684 1829 qui
703 1754 907 1827 prosperatur
927 1745 961 1806 iu
982 1745 1043 1808 viis
1059 1745 1137 1822 suis,
1152 1744 1278 1827 sapiens
1288 1753 1321 1805 et

368 1844 447 1909 felix
467 1843 642 1928 judicatur.
687 1845 737 1908 Ad
761 1845 824 1907 hoc
849 1846 930 1908 alius
958 1866 1090 1909 uxorem
1118 1845 1217 1923 ducit,
1238 1845 1320 1907 alius

367 1944 509 2029 quinque
526 1944 607 2027 juga
629 1946 737 2022 boum,
760 1954 814 2008 aut
844 1946 953 2008 villam
978 1946 1064 2022 emit,
1088 1953 1321 2007 commutantes

369 2066 427 2128 pro
441 2046 493 2109 his
508 2046 646 2109 animam
661 2066 761 2109 suam.
807 2046 998 2128 Caecosque,
1012 2057 1045 2109 et
1059 2046 1201 2123 claudos,
1215 2054 1248 2108 et
1262 2045 1317 2108 de-

368 2147 449 2210 biles
471 2155 630 2229 reputant,
653 2145 772 2228 quibus
795 2146 934 2210 mundus
961 2168 1165 2231 nequaquam
1192 2147 1319 2223 arridet,

281 2261 284 2265 ’
368 2269 451 2331 quos
475 2259 581 2312 tamen
609 2247 721 2332 ejectis
748 2247 900 2311 divitibus
927 2248 962 2310 in
988 2270 1113 2312 coenam
1143 2250 1322 2332 nuptialem

369 2349 525 2431 sapientia
560 2347 747 2425 introducit,
784 2349 841 2411 ubi
875 2350 1072 2412 inebriantur
1104 2352 1145 2413 ab
1178 2352 1322 2412 ubertate

370 2450 485 2514 domus
509 2447 585 2528 Dei,
604 2460 637 2513 et
658 2457 797 2511 torrente
823 2450 996 2531 voluptatis
1023 2462 1147 2513 aetemae
1172 2462 1323 2533 potantur

374 2552 472 2614 flecti.
517 2550 650 2614 Interim
667 2549 850 2631 quicunque
866 2569 930 2610 uon
953 2550 1051 2612 habet
1069 2550 1194 2612 divitias
1209 2551 1325 2613 stultus

369 2661 427 2728 est,
448 2650 566 2725 asinoe,
585 2649 695 2730 stipes,
718 2648 857 2725 caudex,
870 2649 1051 2729 plumbum,
1066 2660 1121 2711 aut
1138 2650 1165 2711 si
1182 2649 1257 2733 quid
1272 2650 1321 2710 in-

370 2749 551 2813 sensibilius
567 2758 624 2812 est.
669 2748 793 2811 Stultus
809 2768 884 2829 ergo
898 2748 1057 2833 miserque
1073 2758 1132 2826 est,
1147 2750 1174 2811 si
1190 2749 1262 2831 quis
1273 2762 1322 2813 est

371 2870 502 2934 pauper.
546 2849 610 2913 Sed
625 2869 686 2911 uec
701 2848 799 2911 amari
814 2858 922 2931 potest
936 2852 976 2912 ab
992 2848 1110 2933 aliquo,
1128 2871 1222 2933 quem
1238 2853 1323 2914 mala

370 2950 496 3012 fortuna
511 2950 635 3033 premit,
652 2969 690 3010 eo
706 2947 793 3030 quod

478 3062 560 3117 Nulla
571 3062 639 3115 fides
650 3079 764 3131 unquam
775 3063 883 3115 miseros
896 3062 977 3130 elegit
986 3065 1091 3127 amicos,

374 3177 406 3230 ct
425 3168 511 3253 juste
535 3168 674 3232 creditur
701 3167 837 3251 quisque
862 3170 1061 3248 malesane,
1084 3193 1154 3255 quae
1177 3172 1323 3246 sustinet,

372 3267 517 3351 adeoque
537 3289 667 3350 reguum
689 3268 835 3350 pecuuiae
856 3268 999 3346 invaluit,
1018 3279 1053 3333 ut
1076 3270 1259 3355 desperetur
1281 3273 1322 3335 de

374 3368 439 3431 fide
445 3368 579 3452 judicis,
591 3369 647 3452 qui
661 3369 787 3452 repellit
800 3390 933 3433 munera
947 3372 1119 3436 offerentis.
1157 3370 1190 3436 Si
1202 3374 1324 3456 pacisci

373 3470 543 3544 detrectas,
559 3470 742 3553 pollicentis
757 3470 874 3533 videris
894 3472 1001 3536 odisse
1016 3494 1153 3537 causam.
1198 3475 1243 3537 Et
1262 3475 1324 3537 for·

373 3583 456 3634 tasse
473 3571 599 3648 affectu,
616 3572 666 3633 rel
684 3591 816 3634 munere
839 3594 909 3635 esse
925 3573 1062 3638 crederis
1079 3587 1325 3658 praecorruptus,

374 3672 401 3734 si
418 3692 604 3754 permanere
626 3672 673 3735 vis
696 3672 909 3756 incorruptus.
955 3675 1119 3738 Sententia
1140 3677 1189 3739 vel
1211 3677 1322 3761 opinio

371 3773 641 3855 Philosophorum
656 3774 787 3837 omnino
803 3776 941 3853 evanuit,
956 3777 1032 3838 dum
1053 3776 1100 3841 sic
1123 3799 1234 3843 omnes
1249 3790 1323 3861 post

371 3874 499 3937 divitias
521 3883 658 3952 currant,
680 3896 718 3938 ac
741 3875 769 3937 si
795 3875 874 3937 alibi
899 3877 1043 3939 laborum
1070 3878 1208 3960 requies,
1233 3879 1323 3941 dolo·

370 3996 503 4059 rumque
526 3976 674 4039 solatium
693 3977 828 4039 inveniri
849 3998 915 4039 non
937 3987 1056 4061 posset,
1076 4000 1114 4042 ac
1134 3980 1162 4041 si
1179 3980 1323 4059 naufragi

371 4075 411 4139 de
429 4075 589 4159 profundo
609 4087 728 4158 queant
743 4086 871 4141 enatare
885 4078 1021 4154 facilins,
1037 4080 1064 4142 si
1084 4080 1241 4161 praegravi
1257 4101 1322 4143 sar-

371 4174 445 4237 cina
471 4174 591 4238 fuerint
615 4176 746 4239 onerati.
801 4175 868 4240 Sed
894 4176 967 4260 quis
992 4199 1135 4261 unquam
1160 4180 1324 4243 ulcerosus

373 4276 482 4357 spinas
497 4277 668 4356 congessit,
680 4286 716 4340 ut
730 4280 890 4341 volutatus
903 4278 937 4341 in
948 4280 995 4343 eis
1007 4280 1152 4363 quiescat
1163 4280 1322 4344 molliter?

418 4395 490 4442 von.
507 4394 558 4439 ιιι.
844 4398 863 4439 z
