3384 5234
368 655 438 701 cua.
455 638 516 717 1v.]
715 652 970 700 Potrcasrrcus.
1277 644 1316 704 al

366 807 497 870 crimen.
543 807 613 869 Nec
641 806 748 890 aliqua
775 808 898 870 virtutis
922 807 1133 871 ostentatione
1162 809 1322 888 clarescit,

366 910 420 973 cui
434 912 580 993 voluptas
595 909 748 991 originem
768 911 908 992 praebet:
931 930 1070 974 noverca
1085 910 1243 993 siquidem
1259 912 1320 975 vir·

367 1012 443 1076 tutis
458 1021 516 1074 est.
561 1012 638 1075 Non
653 1012 743 1075 illam
758 1011 831 1074 dico
847 1032 944 1094 quam
964 1012 1047 1096 parit
1061 1033 1139 1095 pax,
1153 1013 1321 1097 patientia,

367 1114 559 1195 benignitas,
574 1112 811 1194 longanimitas,
827 1112 978 1193 gandium
999 1114 1032 1176 in
1054 1114 1174 1197 Spiritu
1188 1124 1321 1191 sancto;

369 1215 425 1278 sed
440 1236 512 1299 quae
529 1215 632 1279 amica
647 1214 763 1298 epulis,
777 1214 1008 1296 potationibus,
1024 1215 1191 1290 conviviis,
1208 1215 1321 1279 modu·

368 1317 552 1395 lationibus,
581 1327 612 1380 et
642 1316 737 1394 ludis,
767 1315 909 1379 cultibus
945 1317 1112 1400 operosius
1142 1317 1322 1401 exquisitis,

369 1419 487 1499 stupris
502 1429 535 1482 et
550 1418 643 1481 variis
663 1416 888 1493 immunditiis,
905 1418 1030 1480 animos
1045 1420 1141 1481 etiarn
1162 1417 1323 1497 gravimes

370 1520 551 1593 effeminat,
576 1529 608 1581 et
633 1518 770 1603 quodam
795 1530 918 1582 naturae
941 1519 1081 1583 ludibrio
1108 1519 1268 1583 molliores
1291 1530 1324 1583 et

372 1621 588 1703 corruptiores
602 1620 679 1685 facit
693 1643 762 1685 esse
777 1621 862 1683 viros
877 1641 973 1703 quam
988 1621 1141 1685 faeminas.
1179 1622 1324 1707 Tempus

371 1744 502 1807 quoque
518 1722 655 1785 renaudi
671 1725 801 1807 culpam
821 1732 985 1801 extenuat,
1000 1733 1147 1786 actrrmve
1163 1744 1322 1787 commen-

373 1823 439 1887 dat.
484 1823 534 1887 Sit
548 1833 652 1887 autem
663 1823 717 1887 hic
733 1835 860 1906 tempus
874 1831 911 1885 ut
925 1823 958 1885 in
974 1824 1056 1886 locis
1072 1825 1325 1908 quampluribus

372 1924 542 2004 iuvenitur,
557 1946 600 1988 ex
615 1946 653 1989 eo
669 1924 894 2009 opportunitas
915 1925 1137 2005 gerendorum.
1182 1926 1235 1990 Fit
1249 1947 1324 2008 ergo

372 2028 595 2111 intempestiva
611 2028 749 2105 venatio,
764 2027 814 2089 vel
836 2048 881 2090 ex
902 2027 1062 2109 religionis
1085 2029 1185 2105 cultu,
1208 2030 1259 2093 vel
1281 2051 1324 2093 ex

374 2139 487 2193 natura
501 2150 617 2204 rerum,
634 2131 684 2192 vel
706 2151 748 2192 ex
772 2127 883 2193 debito
898 2130 1006 2206 officii,
1026 2130 1113 2212 quod
1127 2130 1177 2193 vel
1197 2140 1325 2213 praeter·

372 2231 465 2309 mitti,
491 2233 543 2295 vel
567 2232 639 2295 aliis
662 2229 932 2314 occupationibus
953 2230 1107 2313 postponi
1128 2250 1194 2293 non
1216 2230 1324 2296 debet.

373 2332 436 2396 Sed
452 2333 493 2397 de
508 2333 560 2396 his
575 2334 734 2397 hactenus
749 2331 825 2415 quia
843 2352 910 2394 non
925 2332 1104 2395 venaticam
1119 2332 1253 2412 tradere,
1268 2332 1325 2397 sed

372 2435 413 2498 dc
444 2435 612 2498 curialium
641 2434 737 2514 nugis
765 2433 877 2515 nugari
907 2433 1107 2516 propositum
1136 2444 1197 2498 est.
1243 2434 1325 2499 Loci

374 2557 501 2620 quoque
516 2537 596 2599 ratio
612 2534 763 2599 habenda
777 2545 836 2614 est,
852 2535 976 2598 scilicet
991 2536 1073 2598 utin
1089 2557 1159 2611 suo,
1175 2537 1226 2599 vel
1240 2557 1327 2600 com·
1422 2594 1425 2601 .

373 2639 472 2716 muni,
499 2640 552 2701 vel
582 2638 724 2721 publico,
752 2637 842 2700 licita
871 2645 1059 2700 exerceatur
1084 2638 1221 2714 venatio,
1249 2636 1326 2700 dum

374 2752 481 2803 tamen
512 2741 715 2804 consortibus
745 2762 810 2803 non
838 2740 994 2821 irrogetur
1022 2738 1147 2823 injuria,
1175 2750 1209 2802 et
1236 2738 1328 2801 locus

377 2842 562 2904 celebritate
583 2843 633 2904 sni
656 2855 711 2905 aut
730 2841 906 2905 reverentia
920 2842 961 2903 ab
977 2841 1028 2903 his
1043 2839 1329 2925 inquietationibus

369 2960 441 3004 'non
466 2943 629 3006 eximatur.
675 2943 740 3016 Qui
762 2943 849 3006 enim
871 2943 906 3003 in
929 2942 1033 3004 aliena
1055 2942 1223 3005 temeraria
1238 2963 1328 3004 usur-

375 3042 505 3128 patione
531 3041 631 3116 irruit,
650 3043 776 3128 laqueis
796 3041 880 3126 juris
902 3052 1027 3104 tenetur
1050 3041 1092 3105 ad
1115 3062 1252 3123 poenam.
1297 3044 1331 3105 Is

380 3163 452 3205 vero
467 3142 583 3205 modus
593 3143 765 3207 laudabilis
776 3153 836 3220 est,
849 3161 947 3225 quum
958 3140 1177 3205 moderatione
1187 3142 1331 3205 adhibite

375 3243 562 3323 prudenter,
588 3254 620 3308 et
649 3245 676 3307 si
706 3245 774 3307 fieri
800 3253 918 3327 potest,
945 3242 1065 3306 utiliter
1093 3253 1271 3321 exercetur,
1295 3254 1330 3307 ut

376 3343 526 3408 mandato
543 3345 668 3409 Comici
683 3346 883 3429 acquiescas,
898 3346 950 3409 Ne
967 3344 1044 3429 quid
1059 3345 1165 3410 nimis.
1199 3347 1283 3411 Nam
1299 3355 1331 3408 et

515 3459 605 3512 insani
617 3461 722 3531 sapiens
734 3477 827 3513 nomen
836 3460 911 3527 feret,
923 3478 1013 3531 aeqnus
1024 3462 1116 3531 iniqui,

516 3542 595 3597 Ultra
606 3562 685 3614 quam
696 3546 761 3598 satis
773 3551 814 3598 est
825 3546 983 3599 virtutensi
994 3552 1067 3618 petet
1078 3549 1172 3619 ipsam.

377 3656 469 3719 Nihil
484 3665 589 3720 autem
611 3659 733 3741 turpius
753 3672 812 3735 est,
829 3682 924 3745 quam
941 3662 973 3723 in
990 3661 1086 3723 risum
1109 3661 1330 3725 contuentium

375 3779 432 3821 ora
446 3760 565 3836 laxare,
581 3758 659 3822 dum
674 3782 739 3822 non
758 3760 906 3825 discendi
922 3761 1095 3845 proposito,
1112 3760 1331 3824 vehementius

375 3858 498 3922 insistis
519 3859 590 3937 arti,
605 3882 703 3943 quam
726 3860 864 3938 nescias,
880 3873 916 3924 ut
937 3861 966 3924 si
987 3862 1129 3942 linguam
1152 3881 1248 3944 quam
1266 3880 1333 3922 non

374 3960 514 4037 noveris,
535 3959 660 4024 facetus
682 3972 832 4026 attentes,
876 3962 960 4026 Sunt
980 3982 1055 4025 vero
1077 3981 1237 4044 personae,
1259 3981 1333 4042 quae

375 4079 443 4122 non
469 4058 566 4123 modo
593 4061 731 4140 abhoc,
754 4062 810 4125 sed
837 4064 877 4125 ab
900 4062 971 4125 aliis
995 4061 1200 4145 quibusdam,
1221 4071 1332 4143 utpote

376 4160 553 4225 levioribus
573 4172 607 4225 et
623 4163 821 4248 voluptuosis
841 4163 966 4236 studiis,
986 4163 1019 4226 in
1041 4172 1232 4246 perpetuum
1250 4182 1334 4224 sum·
1409 4182 1411 4187 ·

377 4272 556 4343 moventur,
573 4275 609 4327 ut
624 4266 728 4350 quiin
745 4266 844 4329 sacris
861 4264 1027 4329 ordinibus
1043 4260 1218 4337 constituti,
1232 4270 1264 4322 et
1279 4258 1333 4340 qui
