3384 5234
300 691 371 734 cnr.
388 673 433 751 v.]
655 686 909 735 rotronsrrous.
1190 673 1253 729 ato

300 852 333 904 et
356 841 412 925 qui
435 840 538 924 tangit
563 862 630 918 vos,
652 839 756 923 tangit
781 836 937 923 pupillam
963 835 1047 899 oculi
1070 838 1142 899 mei.
1189 834 1251 898 Illa

302 964 377 1005 vero
394 940 582 1017 reverentia,
601 963 676 1027 quae
696 940 728 1004 in
751 962 857 1003 rerum
874 939 1074 1002 veneratione
1094 936 1248 1014 consistit,
1295 944 1299 953 “

301 1043 470 1130 multiplex
485 1056 542 1108 est.
587 1047 653 1109 Aut
665 1041 748 1105 enim
762 1041 941 1125 corporales
955 1063 1004 1103 res
1019 1052 1105 1116 sunt,
1119 1053 1155 1105 ut
1167 1039 1251 1103 aedes

301 1157 334 1209 et
357 1149 426 1211 loca
446 1168 544 1219 sacra,
565 1158 597 1209 et
619 1167 694 1229 quae
716 1144 777 1230 piis
799 1142 947 1207 dicantur
968 1140 1091 1219 usibus,
1106 1154 1137 1205 et
1155 1141 1249 1205 sacri·

302 1247 375 1311 ficia
399 1271 471 1332 quae
494 1245 662 1311 visibiliter
683 1257 882 1310 exercentur.
936 1248 1003 1309 Aut
1028 1242 1251 1330 incorporales,

303 1360 341 1413 ut
358 1349 435 1434 jura
449 1372 521 1435 qnae
545 1348 640 1413 sacris
661 1347 755 1413 rebus
775 1358 973 1431 competunt,
993 1369 1066 1431 quae
1089 1359 1253 1425 temerare,

304 1451 505 1538 sacrilegium
525 1464 572 1517 est
595 1463 696 1515 morte
716 1450 881 1536 piandum,
898 1451 998 1513 aliave
1016 1471 1112 1535 poena
1131 1449 1252 1533 gravis-

305 1554 396 1630 sima,
417 1576 477 1639 pro
497 1553 652 1640 qualitate
674 1552 812 1618 admissi.
860 1556 978 1617 Rerum
998 1574 1073 1615 vero
1093 1573 1252 1615 sacrarum

304 1656 537 1721 immunitatem
561 1655 748 1734 convellere,
769 1656 934 1739 insurgere
956 1654 988 1718 in
1013 1658 1117 1719 Deum
1141 1666 1199 1730 est,
1222 1667 1254 1718 et

305 1758 398 1844 quasi
418 1758 584 1824 vendicare
605 1758 730 1822 eumin
755 1757 951 1823 servitutem.
996 1761 1042 1823 Et
1062 1756 1192 1843 quidem
1213 1755 1255 1820 de

301 1861 376 1946 jure
400 1858 508 1923 divino
537 1882 597 1945 pro
622 1882 654 1923 se
681 1871 809 1945 possent
836 1858 939 1923 multa
963 1858 1109 1945 proponi,
1136 1856 1191 1922 sed
1219 1871 1255 1921 ut

307 1962 432 2026 aemulae
461 1962 627 2048 potestatis
656 1984 718 2024 non
748 1961 944 2047 obloquatur
967 1960 1110 2039 audacia,
1135 1960 1166 2023 in
1198 1960 1257 2023 hac

307 2077 399 2150 parte
422 2077 543 2129 statuta
568 2062 747 2151 principum
771 2062 867 2128 latius
889 2076 921 2127 et
945 2062 1114 2148 benignius
1137 2073 1258 2148 patent,

309 2187 381 2250 quae
410 2164 504 2227 fidem
536 2163 748 2230 Christianam
776 2179 977 2245 venerantur,
1006 2164 1196 2250 approbant,
1225 2177 1257 2228 et

307 2266 511 2331 ecclesiarum
532 2279 565 2331 et
585 2267 801 2333 ministrorum
821 2268 1029 2353 omniumque
1049 2266 1189 2331 locorum
1205 2290 1257 2330 ve·

307 2367 493 2433 uerabilium
508 2367 675 2456 privilegia
689 2368 836 2434 universa
846 2369 1043 2433 confirmant.
1081 2370 1161 2442 Quis
1175 2369 1258 2433 enim

307 2470 470 2557 principis,
491 2472 586 2556 cujus
609 2473 762 2534 memoria
784 2470 817 2532 in
840 2469 1059 2533 benedictione
1084 2482 1142 2545 est,
1164 2474 1259 2536 Arca.

308 2571 397 2636 dium
419 2576 545 2658 loquor,
570 2571 828 2636 constitutionem
852 2592 914 2633 non
940 2569 1087 2646 audivit?
1126 2571 1159 2633 Si
1185 2572 1259 2654 quis

308 2673 340 2735 in
356 2675 416 2737 hoc
430 2695 532 2755 genus
547 2671 699 2754 sacrilegii
711 2670 869 2756 prorupit,
882 2683 918 2735 ut
932 2672 966 2734 in
981 2670 1139 2735 Ecclesias
1153 2672 1261 2735 catho-

307 2775 385 2839 licas
408 2776 542 2853 irruens,
568 2773 785 2838 sacerdotibus
810 2788 842 2839 et
865 2773 1106 2849 ministris‚·vel
1132 2777 1163 2839 in
1190 2774 1260 2862 ipso

309 2874 399 2939 cultu
415 2875 522 2939 locove
538 2874 660 2960 aliquid
680 2875 831 2960 importet
851 2874 987 2961 injuriae,
1001 2875 1090 2961 quod
1104 2874 1227 2959 geritur
1241 2898 1261 2939 a

310 2975 481 3061 provinciae
503 2976 679 3040 rectoribus
701 2976 983 3052 animadvertatur,
1004 2989 1101 3062 atque
1122 2980 1169 3041 ita
1189 2999 1262 3062 pro-

310 3077 422 3142 vin'ciae
444 3078 636 3155 moderator,
651 3076 849 3145 sacerdotum
871 3093 903 3146 et
926 3078 1081 3143 Ecclesiae
1103 3079 1262 3143 ministro·

309 3202 393 3259 rum,
415 3180 475 3244 loci
497 3203 626 3266 quoque
645 3179 774 3245 illorum
796 3194 828 3245 et
851 3180 951 3245 divini
974 3181 1079 3246 cultus
1100 3180 1262 3266 injuriam,

310 3280 438 3370 capitali
452 3282 485 3345 in
501 3283 663 3347 convictos
682 3283 748 3346 sive
765 3283 924 3347 confessos
944 3306 1013 3347 reos
1036 3286 1191 3349 sententia
1206 3307 1261 3347 no·

310 3385 391 3447 verit
406 3406 472 3447 esse
487 3381 729 3448 vendicandum.
775 3385 843 3447 Nec
858 3398 1004 3471 expectet
1024 3399 1062 3449 ut
1083 3387 1263 3472 Episcopus

310 3484 437 3569 injuriae
452 3483 590 3569 propriae
605 3484 757 3549 ultionem
773 3484 937 3571 deposcat,
947 3485 998 3549 cui
1010 3486 1161 3552 sanctitas
1174 3488 1263 3569 ignc-

310 3584 416 3648 scendi
441 3584 575 3669 gloriam
606 3584 788 3671 dereliquit,
814 3587 920 3671 sitque
944 3588 1067 3651 cunctis
1093 3586 1262 3663 laudabile,

309 3688 410 3752 factas
424 3700 546 3752 atroces
566 3689 784 3754 sacerdotibus
799 3702 854 3753 aut
869 3689 1021 3754 ministris
1039 3690 1184 3776 injurias,
1201 3691 1264 3753 vel-

312 3793 359 3854 uti
375 3789 539 3876 publicum
556 3790 674 3854 crimen
696 3790 856 3876 persequi,
871 3814 907 3854 ac
921 3791 962 3855 de
976 3791 1095 3856 talibus
1111 3791 1263 3856 ultionem

312 3893 434 3957 mereri.
490 3893 588 3956 Item:
625 3892 734 3957 Placet
764 3892 940 3958 clementiae
963 3908 1091 3969 nostrae,
1119 3906 1154 3959 ut
1184 3893 1263 3957 nihil

312 4016 479 4057 commune
493 3993 597 4058 clerici
613 4017 685 4058 cum
707 3995 845 4081 publicis
859 3996 1037 4061 actionibus
1052 3995 1200 4076 babeant,
1216 3995 1265 4057 vel

313 4094 354 4157 ad
384 4096 507 4160 curiam
540 4095 784 4181 pertinentibus,
814 4098 909 4181 cujus
942 4097 1067 4182 corpori
1097 4119 1159 4159 non
1190 4108 1264 4159 sunt

314 4196 438 4260 annexi.
484 4198 528 4259 Et
550 4196 645 4260 alibi:
674 4197 708 4259 Si
730 4196 868 4261 ecclesiae
890 4198 1080 4261 venerabilis
1102 4195 1267 4281 privilegia

315 4296 504 4381 cujusquam
529 4296 650 4361 fuerint
675 4296 725 4360 vel
753 4297 931 4361 temeritate
953 4296 1082 4372 violata,
1104 4296 1152 4358 vel
1176 4294 1268 4359 dissi-

761 4406 816 4461 rt
