3384 5234
389 673 460 719 cra.
479 658 556 737 xm]
737 676 989 723 Ponrcnarrcns.
1286 669 1347 729 199

389 826 451 890 hoc
468 828 585 891 etenim
603 829 770 911 quaesitum
787 839 843 892 est.
890 830 956 893 Sed
975 831 1105 893 tandem
1122 833 1254 915 placuit,
1272 856 1344 899 eam

388 926 449 990 nisi
473 929 622 992 inbonis
645 950 802 993 essenon
826 950 931 1013 posse.
976 933 1099 1013 Magna
1120 934 1232 1017 utique
1260 936 1343 1000 inter

386 1030 498 1093 molles
513 1040 545 1093 et
559 1032 660 1094 malos
683 1032 878 1108 concordia3
902 1032 959 1095 sed
974 1053 1013 1095 ea
1035 1043 1160 1097 tantum
1179 1058 1197 1099 a
1213 1037 1343 1101 caritate

386 1129 534 1209 discedit,
557 1144 712 1215 quantum
734 1134 793 1194 lux
823 1132 920 1195 distat
949 1156 968 1197 a
997 1133 1148 1198 tenebris.
1193 1138 1237 1200 Et
1267 1139 1343 1201 licet

384 1230 542 1295 interdum
565 1234 650 1310 mali,
683 1234 767 1295 sicut
796 1243 828 1295 et
842 1234 932 1310 boni,
954 1234 1040 1298 idem
1071 1238 1163 1313 velle,
1194 1248 1226 1301 et
1255 1238 1341 1301 idem

384 1333 469 1395 nolle
479 1334 615 1415 possint,
625 1335 774 1397 amicitiae
785 1346 891 1397 tamen
903 1336 1028 1398 titulum
1039 1359 1106 1399 non
1117 1351 1341 1422 assequuntur.

386 1433 483 1496 Unde
498 1444 531 1497 et
547 1434 669 1518 Crispo,
685 1435 908 1499 historicorum
917 1436 999 1499 inter
1014 1438 1147 1501 Latinos
1161 1440 1339 1522 potissimo,

384 1532 441 1595 sed
462 1534 571 1617 stipsi
587 1534 737 1598 Ciceroni
761 1537 891 1618 placuit,
910 1537 945 1599 in
964 1539 1054 1601 malis
1072 1539 1241 1603 factionem
1258 1562 1339 1621 esse,

386 1635 473 1716 quod
488 1635 520 1696 in
544 1636 618 1698 viris
639 1638 734 1699 bonis
751 1658 822 1699 vera
844 1638 985 1701 amicitia
1007 1649 1064 1702 est.
1110 1641 1175 1703 Sed
1191 1642 1337 1724 quamvis

383 1737 525 1813 vitiosus,
539 1737 754 1821 praepediente
771 1739 901 1816 malitia,
921 1740 1043 1803 amicus
1060 1762 1128 1804 esse
1146 1764 1209 1805 non
1225 1744 1337 1826 possit,

383 1838 443 1901 etsi
465 1860 530 1900 non
553 1840 754 1919 venerabilis,
777 1844 935 1903 verendus
956 1851 1063 1904 tamen
1087 1843 1156 1921 erit,
1179 1845 1235 1927 qui
1258 1866 1335 1908 con·

382 1932 516 2003 scientia
532 1952 733 2017 secretorum,
742 1942 873 2005 conscio
888 1953 1037 2006 terrorem
1054 1954 1161 2026 potest
1176 1946 1334 2010 incutere.

382 2041 504 2105 Scitum
520 2054 568 2106 est
583 2042 662 2105 illud
677 2043 800 2121 Ethici,
816 2045 892 2127 quia

483 2182 529 2234 Nil
543 2182 592 2234 tibi
604 2199 632 2234 se
644 2182 738 2235 deberc
750 2187 832 2253 putat,
845 2182 884 2234 nil
893 2183 1006 2237 conferet
1018 2204 1140 2255 unquam,
1189 2159 1194 2169 .

484 2269 645 2338 Participem
656 2269 700 2337 qui
712 2272 738 2319 te
751 2268 844 2319 secreti
855 2266 918 2320 fecit
928 2268 1041 2322 honesti.

377 2392 451 2454 Hoc
476 2412 603 2474 quoque
620 2390 689 2473 jam
703 2388 828 2472 pridem
849 2391 938 2453 venit
957 2393 990 2453 in
1013 2393 1157 2465 dubium,
1175 2415 1215 2456 an
1232 2408 1351 2476 quen·'

378 2514 471 2576 quam
495 2493 631 2555 divitum
651 2500 683 2553 et
703 2501 881 2574 potentum,
902 2513 1007 2554 amare
1028 2494 1200 2573 contingat.
1245 2496 1330 2557 Tan-

377 2594 513 2677 demque
535 2602 701 2675 receptum
724 2603 780 2670 cst,
804 2591 933 2655 eosdem
956 2614 1123 2675 nunquam
1146 2614 1263 2668 amare,
1278 2596 1329 2657 rel

375 2714 455 2770 raro,
478 2706 510 2756 et
531 2695 564 2755 in
587 2694 633 2755 eis
648 2694 811 2777 praecipue
828 2694 945 2770 causis,
967 2695 1135 2778 inquibus
1153 2716 1187 2757 se
1210 2695 1327 2777 potiuS,

376 2816 471 2877 quam
487 2796 567 2857 alios
587 2816 691 2858 amare
711 2795 887 2859 videantur.
933 2796 1101 2860 Contraria
1120 2796 1278 2880 siquidem
1294 2796 1329 2858 in

373 2896 486 2960 eodem
502 2918 571 2960 esse
591 2918 657 2960 non
678 2907 822 2981 possunt.
867 2901 914 2962 Et
934 2920 998 2982 quo
1019 2899 1134 2961 divites
1154 2898 1327 2982 plurimum

374 2998 568 3080 cupiditatis,
599 3021 636 3063 eo
674 3000 794 3062 habent
824 3001 987 3063 minimum
1026 3000 1176 3064 caritatis.
1242 3000 1326 3062 Haec

371 3101 487 3163 etenim
517 3101 653 3164 invicem
679 3101 819 3165 maxime
842 3102 1058 3166 adversantur.
1103 3104 1201 3165 Porro
1224 3112 1260 3164 ut
1282 3101 1326 3163 ait

372 3201 524 3285 quidam:
548 3202 661 3266 Omnis
684 3201 775 3266 dives
796 3203 929 3287 iniquus
952 3214 1007 3266 aut
1028 3204 1130 3287 iniqui
1145 3203 1237 3266 heres
1256 3213 1324 3279 est3

371 3313 402 3364 et
422 3296 614 3364 raiissimum
638 3313 696 3381 est,
716 3315 752 3365 ut
772 3302 891 3366 divitiae
912 3303 1055 3379 affluant,
1074 3304 1137 3366 nisi
1157 3303 1272 3366 amoris
1292 3313 1325 3366 et

372 3402 557 3485 cupiditatis
594 3404 717 3484 glutino
760 3406 946 3468 solidentur.
1016 3406 1083 3468 Eas
1112 3404 1323 3469 desiderantis

369 3502 467 3565 animi
483 3501 644 3583 vigilantia
658 3517 690 3567 et
703 3504 793 3568 labor
808 3505 966 3589 acquirit3
989 3505 1046 3568 sed
1069 3507 1182 3586 aegrior
1202 3505 1321 3570 sollici·

370 3603 448 3666 tudo
463 3603 578 3667 retinet
592 3611 627 3667 et
641 3619 818 3671 conservat.
864 3606 976 3690 Inquit
991 3607 1148 3671 Ethicus:

472 3731 535 3785 Non
547 3733 629 3785 minor
641 3738 682 3786 est
692 3734 782 3799 virtus,
794 3753 873 3803 qnam
885 3752 1008 3803 quaerere,
1021 3739 1095 3806 parta
1106 3736 1190 3787 tueri:

506 3817 591 3871 Casus
602 3819 671 3871 inest
682 3818 744 3883 illic,
756 3819 798 3871 hic
810 3821 859 3872 erit
871 3822 934 3872 artis
946 3838 1021 3892 opus.

366 3942 474 4013 Quum
496 3962 572 4020 ergo
595 3931 762 4018 istud‘ars,
775 3940 858 4003 illud
874 3962 968 4004 casus
990 3942 1120 4003 nomine
1141 3949 1318 4016 censeatur,

366 4043 438 4125 quis
467 4062 522 4104 eas
552 4041 622 4104 sine
652 4042 869 4124 applicatione
895 4041 1013 4103 mentis
1041 4042 1167 4103 intensa
1197 4039 1317 4103 diutius

367 4139 491 4205 servati
521 4143 613 4207 Certe
630 4154 719 4207 vetus
735 4143 937 4225 proverbium
952 4154 1020 4203 cst:
1044 4141 1129 4212 Quia
1147 4141 1204 4203 ubi
1219 4161 1317 4215 amor,
1333 4166 1335 4170 ¹

365 4241 412 4302 ibi
426 4244 558 4319 oculus;
581 4255 613 4305 et
628 4243 683 4305 ubi
698 4243 773 4323 vigil
791 4242 907 4305 mentis
927 4242 1072 4316 intentio,
1088 4240 1135 4302 ibi
1156 4240 1224 4302 fixa
1247 4260 1315 4304 cor·
