3384 5234
334 727 403 772 cur.
420 711 483 785 nn]
691 722 946 769 ronrcnnrrcos.
1221 714 1283 772 297

335 875 533 961 Philosophia
549 875 663 962 placet,
675 872 839 959 sapientia,
855 894 960 938 rerum
977 871 1156 937 divinarum
1172 873 1284 941 hume·

332 1000 509 1065 nurumque
525 976 682 1063 princeps,
695 988 728 1039 et
741 974 954 1059 gerendorum
971 973 1284 1064 omittendorumque

333 1080 473 1147 scientia.
527 1080 613 1144 Huic
638 1100 714 1145 vero
743 1077 888 1142 insistere
918 1074 1132 1163 philosophari
1160 1090 1219 1158 est,
1245 1102 1284 1145 eo

331 1183 418 1269 quod
443 1181 646 1266 Philosophia
672 1180 712 1245 sit
738 1180 879 1245 studium
905 1179 1079 1265 sapientise.
1135 1181 1183 1245 Ut
1208 1204 1285 1268 ergo

330 1285 471 1372 antiquis
505 1284 635 1370 placuit,
665 1283 706 1349 ad
740 1283 856 1348 ostium
894 1282 1058 1368 sapientias
1086 1282 1285 1371 philosophia

331 1386 447 1472 pulsat,
462 1397 495 1451 et
517 1408 617 1473 quum
637 1385 668 1450 ei
683 1396 829 1471 apertum
845 1384 952 1462 fuerit,
968 1384 1076 1449 anima
1090 1407 1196 1450 rerum
1211 1388 1284 1453 luce

331 1488 468 1554 dulciter
503 1487 668 1564 illustrata,
706 1509 824 1551 nornen
865 1486 1078 1572 Philosophiae
1114 1490 1283 1557 evanescit.

332 1593 411 1674 Aut,
431 1590 512 1656 sicut
534 1589 817 1676 perspicacioribus
836 1590 938 1653 visum
962 1601 1021 1670 est,
1035 1589 1206 1656 voluntatis
1228 1616 1284 1680 sp-

334 1694 454 1780 pctitus
470 1694 632 1781 impletur,
647 1716 747 1781 quum
769 1693 828 1757 flos
850 1692 946 1757 studii
960 1694 1063 1778 vergit
1084 1693 1118 1757 in
1133 1694 1283 1764 fructum.

336 1796 422 1860 Nam
450 1796 659 1883 philosophiae
689 1797 771 1877 finis,
798 1794 954 1881 sapientia
978 1808 1035 1860 est.
1085 1796 1149 1861 Sed
1177 1798 1285 1864 nescio

333 1919 473 1984 quonam
502 1910 595 1984 pacto
622 1899 692 1984 jam
722 1920 886 1963 versamur
914 1897 947 1961 in
976 1897 1041 1961 fine
1070 1896 1165 1980 illius,
1194 1900 1284 1985 cujus

330 1999 459 2065 initium
480 2001 622 2066 nondum
643 2000 840 2086 agnovimus,
862 1999 948 2087 quod
967 1998 1001 2064 in
1022 2000 1117 2065 rebus
1136 2002 1284 2069 omnibus

332 2102 550 2187 potentissima
578 2126 651 2190 pars
680 2126 747 2169 esse
777 2113 933 2171 censetur.
979 2102 1199 2169 Veruntamen
1228 2106 1284 2193 qui

330 2205 429 2269 finem
452 2206 550 2283 novit,
565 2206 692 2273 initium
708 2206 856 2291 ignorare
872 2228 935 2271 non
951 2218 1065 2292 potest,
1078 2229 1179 2294 quum
1194 2208 1284 2273 radix

331 2306 424 2392 initii,
439 2332 497 2394 per
511 2309 704 2396 multiplices
716 2308 840 2374 virtutis
855 2310 1008 2388 tramites,
1025 2332 1125 2397 usque
1140 2311 1181 2375 ad
1197 2324 1286 2377 coro-⁰

332 2429 408 2471 nam
437 2408 519 2485 finis,
550 2409 736 2496 fructusque
769 2407 986 2488 dulcedinem,
1014 2409 1190 2474 vivacitatis
1217 2433 1284 2476 suae

330 2508 489 2574 soliditate
504 2519 712 2595 pertranseat.
746 2507 843 2587 Ecce,
858 2508 963 2594 inquit
977 2507 1089 2572 beatus
1103 2510 1176 2586 Job,
1189 2509 1285 2578 timor

332 2611 465 2675 Domini
480 2611 548 2694 ipsa
563 2622 612 2675 cst
632 2609 797 2695 sapientia,
814 2619 847 2672 et
868 2610 1017 2672 recedere
1032 2631 1053 2673 a
1067 2609 1152 2673 malo
1166 2610 1285 2677 intelli-

330 2712 450 2795 gentia.
497 2710 603 2775 Aliam
618 2732 694 2775 vero
716 2708 857 2773 radicem
877 2708 1042 2795 sapientias
1057 2731 1215 2797 nusquam
1235 2712 1285 2775 iu-

330 2812 433 2889 venio,
450 2834 551 2899 quum
575 2814 608 2876 in
628 2834 667 2876 eo
689 2811 890 2876 consentiant
915 2833 1036 2891 omnes,
1051 2812 1139 2900 quod
1156 2812 1284 2879 initium

333 2913 498 3000 sapientiae
513 2913 609 2979 timor
632 2914 775 2982 Domini.
819 2914 931 2981 Timor
953 2937 1029 3000 ergo
1048 2914 1187 2994 initium,
1202 2928 1236 2982 et
1251 2917 1284 2981 iu

332 3016 447 3082 timore
473 3039 636 3103 processus
662 3030 719 3095 est,
745 3029 778 3083 et
801 3017 945 3083 omnium
967 3019 1121 3085 virtutum
1145 3020 1284 3103 culmen,

332 3118 398 3184 sive
413 3120 492 3185 illud
509 3121 685 3201 caritatem,
695 3121 759 3187 sive
775 3120 963 3208 sapientiam
978 3121 1076 3204 dicas,
1090 3145 1154 3189 uon
1169 3146 1286 3211 usque·

331 3248 459 3313 quaque
489 3226 630 3291 alienum
656 3236 705 3289 est
730 3248 749 3289 a
778 3224 905 3290 timore.
960 3226 992 3289 A
1019 3225 1109 3290 filiali
1136 3226 1283 3293 servilem

330 3326 455 3392 divide:
486 3326 519 3390 in
546 3326 606 3391 hoc
631 3326 770 3403 initium,
797 3325 831 3390 in
856 3325 913 3389 illo
936 3326 1102 3412 sapientiae
1127 3327 1284 3393 constitue

331 3430 519 3514 profectum,
530 3440 564 3494 et
574 3429 690 3494 exinde
699 3428 939 3515 perfectionem.
971 3429 1173 3518 Quocunque
1188 3432 1284 3496 modo

330 3553 364 3594 se
379 3530 472 3596 luxus
487 3532 656 3596 verborum
676 3530 817 3608 extollat,
835 3553 946 3613 verum
966 3542 1025 3616 est,
1040 3532 1116 3619 quia
1130 3532 1286 3619 sapientia

330 3631 480 3697 initiatur·
499 3633 533 3697 in
558 3633 683 3710 timore,
710 3643 744 3698 et
769 3633 856 3721 quod
879 3644 1006 3699 sanctus
1031 3634 1129 3699 timor
1152 3635 1286 3700 Domini

332 3746 499 3821 permanet
519 3735 553 3800 in
573 3736 727 3801 saeculum
750 3736 868 3801 saeculi.
920 3736 1037 3803 Manet
1054 3738 1163 3825 itaque
1184 3737 1284 3815 radix,

330 3848 364 3901 et
382 3837 588 3903 incrementis
609 3838 721 3923 gralioe
741 3838 937 3903 invalescens
953 3838 987 3903 in
1009 3861 1114 3904 ramos
1130 3839 1285 3905 virtutum
1326 3914 1330 3919 ¹

330 3939 466 4024 prolicit,
476 3950 510 4003 et
519 3940 566 4004 vis
581 3940 650 4026 ejus
665 3942 706 4006 ad
717 3941 856 4006 fructum
868 3941 1019 4027 perlectae
1034 3942 1173 4007 caritatis
1184 3964 1285 4029 usque

332 4043 495 4128 pertingit,
509 4065 583 4129 quae
598 4066 764 4129 poenarum
780 4046 882 4110 nescit
896 4045 1033 4122 aculeos,
1049 4067 1149 4131 quum
1165 4067 1229 4109 non
1245 4045 1286 4109 sit

334 4154 439 4208 metus
463 4144 495 4207 in
523 4144 664 4226 caritate,
687 4145 742 4231 qui
764 4169 893 4231 poenam
915 4145 1023 4223 hebet,
1046 4157 1080 4209 et
1101 4147 1142 4210 sit
1165 4145 1285 4210 timoris

334 4242 500 4324 indicium,
523 4245 609 4330 quod
632 4245 716 4309 bona
738 4267 835 4331 opera
851 4247 974 4330 jugiter
995 4246 1080 4325 facit,
1101 4257 1135 4309 et
1151 4245 1286 4331 justitiae

333 4342 498 4407 continens
518 4344 653 4408 eandem
673 4344 893 4429 apprehendit.
940 4343 1051 4408 Metus
1070 4366 1145 4429 ergo
1160 4345 1286 4409 ridetur
