3384 5234
322 656 329 668 ⁰
413 687 455 747 92
673 698 809 743 scaurus
825 698 1105 744 ssuassaamusrs
1233 682 1312 762 [ma.
1329 700 1365 746 11.

344 831 350 838 ⁴
412 849 475 915 Sed
491 870 562 913 ecce
577 846 791 934 privilegium,
802 849 890 935 quod
907 850 1002 913 bomo
1013 850 1154 914 conferre
1165 872 1228 915 non
1244 852 1363 937 potuit,

411 948 593 1033 singillatim
617 949 728 1014 datum
751 962 799 1013 est
822 950 960 1028 Danieli,
974 963 1011 1015 ut
1034 951 1064 1013 in
1088 950 1190 1015 lucem
1213 951 1363 1031 proderet

411 1049 581 1135 aenigmata
607 1051 813 1132 somniorum,
838 1064 872 1116 et
900 1052 1038 1116 Domino
1062 1053 1212 1118 dictante·
1233 1054 1362 1117 umbras

411 1152 584 1217 discuteret
610 1153 795 1238 figurarum.
842 1158 888 1219 Ut
916 1177 991 1218 vero
1019 1155 1216 1220 familiaritas
1246 1155 1362 1221 divinae

411 1255 521 1340 gratias
536 1254 715 1321 evidentius
728 1255 902 1337 illucescat,
916 1256 994 1343 quid
1010 1280 1066 1321 rex
1081 1258 1113 1321 in
1129 1270 1229 1324 strato
1242 1259 1362 1323 cubans

410 1355 633 1442 praecogitaret
655 1356 797 1442 agnovit,
811 1371 843 1421 et
866 1356 1063 1422 meditationi
1079 1359 1144 1422 visa
1165 1371 1364 1438 connectens,

411 1457 598 1543 mysterium
626 1458 748 1539 salutis,
775 1460 862 1544 quod
890 1461 1005 1524 umbra
1028 1460 1248 1538 obnubilabat,
1271 1475 1303 1526 et
1329 1462 1361 1524 in

410 1560 472 1625 fine
501 1560 689 1627 soeculorum
720 1562 915 1649 completum
948 1575 1007 1641 est,
1036 1576 1092 1628 aut
1125 1564 1360 1649 complendum,

409 1664 584 1749 prudenter
597 1663 755 1747 exposuit.
801 1664 922 1728 Siccine
938 1664 1038 1728 solent
1058 1667 1251 1751 conjectores
1266 1666 1359 1730 etiam

410 1764 618 1850 cogitationes
632 1776 792 1841 excutere,
809 1777 840 1828 et
862 1766 992 1829 umbras
1014 1766 1188 1845 exinanire,
1203 1766 1361 1852 explicare

409 1867 584 1947 involucra,
599 1880 631 1931 et
654 1867 810 1932 illustrare
833 1868 980 1932 tenebras
999 1867 1197 1953 figurarum?
1230 1868 1263 1931 Si
1287 1870 1361 1955 quis

409 1979 457 2030 est
483 1967 539 2050 qui
566 1965 636 2052 pari
660 1965 772 2050 gratiae
797 1964 965 2051 privilegio
990 1964 1139 2050 gaudeat,
1165 1967 1294 2031 accedat
1318 1967 1358 2030 ad

411 2066 589 2146 Danielem,
613 2078 644 2130 ct
671 2066 805 2151 Joscpb,
828 2079 860 2129 et
885 2066 1029 2131 similiter
1052 2088 1124 2129 cum
1150 2068 1194 2130 eis
1220 2068 1359 2131 Domino

408 2170 598 2257 gratuletur.
638 2171 740 2246 Quem
754 2192 828 2233 vero
839 2169 982 2233 veritatis
994 2168 1122 2255 spiritus
1133 2192 1195 2233 non
1207 2170 1359 2250 illustrat,

409 2272 450 2335 dc
473 2285 541 2336 arte
557 2271 752 2335 somnolenta
776 2272 896 2335 frustra
911 2270 1053 2347 confidit,
1069 2294 1169 2355 quum
1194 2294 1244 2335 ars
1258 2276 1360 2336 omnis

409 2373 524 2438 babeat
545 2396 563 2436 a
587 2385 701 2437 natura
722 2373 888 2459 originem,
904 2373 945 2437 ab
961 2396 1021 2438 usu
1035 2385 1067 2436 et
1093 2372 1212 2436 ratione
1235 2395 1358 2459 proces·

410 2499 489 2541 sum.
535 2477 631 2541 Ratio
646 2499 721 2540 vero
736 2476 768 2539 in
784 2476 833 2541 bis
849 2489 974 2541 tantum
990 2476 1149 2541 defectum
1173 2478 1306 2563 patitur,
1322 2497 1359 2543 ut

409 2598 474 2662 quo
499 2599 531 2641 se
552 2588 667 2657 vertat,
682 2576 761 2662 quid
781 2576 919 2663 judicet,
935 2576 1124 2663 plerumque
1146 2577 1274 2641 omnino
1296 2601 1357 2642 non

407 2678 535 2743 babeat.
572 2676 668 2751 Quod
681 2678 809 2763 quidem
822 2700 923 2764 quum
933 2676 1116 2764 frequenter
1125 2678 1259 2756 eveniat,
1269 2680 1358 2743 facil·

407 2780 482 2844 lime
501 2804 541 2844 ex
565 2779 674 2865 paucis
697 2779 868 2867 colligitur.
916 2780 1064 2846 Solicitus
1088 2780 1230 2866 quidam,
1244 2804 1358 2846 nomen

407 2880 523 2947 etenim
548 2905 566 2944 a
590 2880 740 2946 memoria
764 2881 895 2962 excidit,
909 2883 969 2947 etsi
993 2882 1182 2947 narrationis
1197 2897 1359 2949 auctorem

407 3005 558 3068 magnum
586 2996 708 3049 teneam
735 2983 963 3069 Augustinum,
989 2983 1020 3047 in
1048 3008 1082 3048 re
1108 2984 1207 3048 dubia
1232 3008 1356 3050 sensum
1429 3020 1434 3030 ·

406 3086 538 3151 alterius
552 3087 605 3150 cui
620 3109 685 3149 rem
703 3102 835 3151 noverat
851 3108 917 3150 esse
931 3099 1053 3162 notam,
1069 3108 1184 3172 magua
1206 3088 1358 3152 instantia

407 3188 467 3254 sibi
490 3188 674 3275 postulabat
700 3188 827 3274 exponi.
884 3189 991 3264 Quum
1019 3212 1093 3252 rero
1115 3188 1194 3253 alter
1223 3190 1359 3276 petentis

407 3290 601 3357 desiderium
624 3289 887 3375 promissionibus
910 3291 1128 3372 protraxisset,
1145 3303 1175 3354 et
1201 3291 1296 3355 unius
1311 3292 1357 3355 in·

408 3393 524 3458 stantia
553 3391 760 3455 deluderetur
795 3388 969 3453 calliditate
999 3390 1140 3469 alterius,
1169 3391 1284 3458 accidit
1322 3405 1358 3457 ut

406 3494 515 3558 eadem
531 3502 624 3555 nocte
639 3490 759 3575 pariter
774 3487 978 3564 somniarent,
990 3489 1071 3553 alter
1086 3491 1173 3576 quod
1187 3515 1254 3557 rem
1269 3518 1358 3579 quae·

406 3595 497 3659 sitam
525 3592 644 3677 petenti
675 3600 858 3673 exponeret,
885 3588 965 3653 alter
994 3591 1082 3675 quod
1109 3592 1137 3653 ei
1167 3616 1186 3655 a
1216 3593 1357 3658 doctiore

405 3693 645 3777 diligentissime
656 3703 879 3776 exponeretur.
917 3694 1115 3777 Factumque
1129 3705 1189 3771 est,
1201 3705 1238 3757 ut
1254 3716 1354 3778 quum

407 3797 520 3861 umbra
542 3792 659 3881 quietis
673 3804 883 3869 evanesceret,
899 3815 931 3855 se
945 3795 1114 3858 miraretur
1128 3793 1181 3857 ille
1197 3795 1237 3858 ad
1260 3796 1357 3859 scien-

407 3901 494 3974 tiam,
522 3919 616 3985 quarn
644 3897 700 3961 diu
730 3896 911 3984 quaesierat,
936 3895 1001 3958 sinc
1027 3895 1165 3961 doctoris
1194 3898 1356 3977 beneficio,

406 4000 559 4086 nulloque
572 4001 621 4064 sui
633 4000 784 4065 exercitio
798 3997 983 4085 pervenisse.
1018 3997 1143 4063 Deinde
1158 4023 1259 4086 quum
1271 4024 1356 4066 more

407 4104 500 4169 solito
514 4102 601 4189 apud
616 4103 788 4167 doctiorem
813 4112 935 4185 ageret,
951 4113 988 4165 ut
1004 4101 1064 4166 sibi
1087 4104 1277 4187 promissum
1298 4104 1358 4168 sol-

407 4220 546 4281 veretur,
565 4206 644 4291 jam,
659 4205 764 4291 inquit
781 4203 916 4283 doctior,
931 4202 1051 4268 factum
1068 4205 1216 4291 estquod
1237 4206 1357 4291 petisti,

407 4334 507 4398 quum
531 4332 567 4373 ea
582 4320 671 4373 necto
689 4319 724 4372 ut
748 4307 893 4370 docerem
919 4309 1111 4372 accesserim.
1159 4307 1238 4385 Quis
1260 4307 1355 4393 hujus
