3384 5234
370 689 440 734 cnr.
456 671 563 751 xx1v.]
727 686 984 733 nonrcnsmcns.
1261 679 1320 738 127

370 860 476 902 rerum
488 860 594 917 cursu,
606 851 763 916 versatur,
774 838 895 900 frustra
906 837 964 901 tibi
976 836 1017 899 de
1032 837 1173 903 siderum
1183 840 1318 904 familia-

370 940 465 1003 ritate
474 938 635 1014 blandiris‚
644 960 741 1023 quum
752 938 872 1001 asolito
881 959 984 1001 rerum
997 959 1091 1002 cursu
1104 941 1206 1005 multa
1217 941 1319 1006 diver-

363 1054 451 1117 tant,
463 1053 496 1106 et
505 1064 543 1103 eo
555 1041 667 1127 majori
679 1039 887 1103 admiratione
899 1038 1013 1102 feriant
1026 1061 1133 1104 sensus
1144 1041 1320 1124 hominurn,

371 1164 436 1227 quo
452 1163 513 1205 non
530 1142 625 1205 modo
646 1140 779 1214 insueta,
796 1140 849 1203 scd
866 1139 926 1224 ipsi
949 1153 1073 1204 uaturae
1095 1142 1244 1208 videntur
1265 1144 1321 1207 ad-

370 1266 478 1308 versa:
512 1258 559 1318 ut,
575 1264 675 1329 quum
700 1241 773 1305 solis
794 1241 939 1305 defectus
957 1241 1131 1327 plenilunio
1152 1245 1320 1330 contingit,

369 1355 427 1408 aut
442 1344 468 1407 si
483 1344 566 1407 circa
582 1341 751 1428 synodum,
763 1355 818 1406 aut
834 1342 918 1405 circa
928 1341 1148 1426 plenilunium,
1162 1345 1210 1408 vel
1222 1345 1319 1423 ultra,

369 1444 500 1509 luminis
509 1443 558 1507 sui
568 1443 644 1508 luna
656 1445 797 1528 patiatur
808 1442 958 1528 eclipsim.
993 1444 1057 1517 Qui
1068 1445 1152 1509 enim
1163 1445 1320 1512 sideribus

369 1548 472 1630 legem
489 1544 589 1621 dedit,
613 1544 668 1631 qui
688 1543 846 1608 curricula
865 1558 1042 1629 temporum
1061 1546 1231 1613 voluntatis
1252 1573 1319 1616 suaa

370 1648 461 1711 freno
476 1646 670 1725 moderatur,
686 1645 741 1731 qui
753 1667 859 1708 rerum
876 1657 1035 1709 momenta
1045 1649 1240 1734 temporibus
1255 1652 1320 1716 suis

370 1749 598 1824 accommodat,
614 1748 744 1834 quando
763 1746 844 1820 vult,
862 1760 893 1810 et
909 1769 973 1832 quo
988 1749 1083 1812 modo
1105 1751 1186 1829 vult,
1201 1775 1317 1817 novum

369 1864 519 1937 stupente
534 1863 659 1929 natura,
674 1863 847 1913 antrorum
865 1861 968 1935 potest
983 1850 1157 1934 producere
1171 1854 1319 1919 effectum

368 1974 407 2018 ex
422 1952 525 2017 causis
540 1949 900 2035 concurrentibusque
922 1949 1013 2012 aliter
1027 1973 1136 2034 parere
1151 1977 1319 2018 consueve-

370 2069 451 2121 rant.
476 2054 556 2132 Quis
567 2055 651 2117 enim
663 2049 860 2115 consiliarius
871 2052 940 2136 ejus
954 2051 1029 2124 fuit,
1042 2064 1099 2116 aut
1115 2053 1199 2120 dicet
1210 2056 1239 2119 ei
1252 2058 1320 2121 Cur

370 2156 415 2220 ita
432 2156 530 2220 facis?
560 2154 682 2237 Utique
702 2155 859 2217 Dominus
879 2166 947 2217 est:
977 2153 1063 2237 quod
1086 2155 1319 2241 beneplacitum

367 2271 415 2322 est
445 2258 478 2322 in
507 2255 608 2320 oculis
638 2255 704 2319 suis
728 2253 832 2318 faciet.
878 2253 1086 2340 Dispositioni
1108 2280 1185 2341 ergo
1209 2270 1319 2343 aptare

368 2371 521 2442 tempora,
538 2367 569 2420 et
586 2376 691 2419 rerum
703 2362 864 2416 momenta
878 2351 999 2415 variare
1014 2354 1221 2439 temporibus,
1234 2356 1320 2422 solus

369 2461 423 2526 ille
432 2460 487 2545 qui
497 2454 665 2543 disposuit,
677 2466 797 2541 potest:
822 2466 855 2518 et
866 2477 965 2540 quum
976 2456 1150 2520 multorum
1161 2457 1318 2537 notitiam,

370 2560 543 2626 secundum
560 2555 748 2643 beneplaciti
764 2558 815 2619 sui
831 2578 1021 2636 mensuram,
1034 2560 1219 2624 concesserit
1235 2583 1320 2625 crea·

371 2675 465 2741 turae,
474 2662 534 2725 hoc
544 2659 604 2723 sibi
617 2658 742 2723 trinitas
753 2656 956 2741 iugulariter
966 2658 1148 2725 reservavit.
1182 2661 1319 2735 Quando

367 2765 489 2847 itaque,
504 2775 536 2827 et
552 2758 707 2846 quamdiu
727 2758 807 2845 quid
823 2758 969 2823 futurum
989 2759 1030 2824 sit
1044 2759 1146 2837 novit,
1166 2773 1198 2826 et
1213 2775 1320 2848 partes

371 2876 550 2949 temporum
561 2861 616 2925 ille
628 2861 802 2947 dispensat,
817 2882 977 2945 perquem
992 2861 1062 2946 ipsa
1077 2874 1220 2948 tempora
1234 2864 1320 2929 facta

369 2975 453 3029 sunt.
494 2964 571 3048 Ipsa
580 2979 708 3047 quoque
720 2974 864 3046 tempora
873 2972 961 3024 motu
974 2974 1006 3025 et
1018 2962 1191 3027 variatione
1200 2986 1318 3043 rerum,

370 3066 461 3153 quasi
477 3064 669 3150 quibusdam
691 3062 852 3128 coloribus
868 3059 983 3147 pingit,
999 3074 1030 3126 et
1054 3063 1225 3129 volubilem
1240 3078 1320 3131 tem·

367 3166 453 3251 poris
468 3181 583 3243 rotam,
593 3165 700 3252 jugali
714 3165 854 3250 quodam
870 3185 954 3227 nexu
969 3185 1074 3227 rerum
1086 3184 1152 3250 quo
1163 3176 1318 3244 teneatur,

366 3265 530 3351 illaqueat,
552 3279 584 3331 et
607 3279 644 3330 ut
666 3286 732 3329 rem
755 3262 1103 3349 incomprehensibilem
1125 3262 1249 3350 ingerat
1270 3267 1318 3330 in-

368 3366 518 3447 tellectui,
549 3367 680 3432 eandem
711 3363 898 3429 mirabiliter
923 3385 1030 3428 rerum
1057 3365 1318 3452 proprietatibus,

369 3467 461 3552 quasi
483 3471 549 3533 suis
564 3467 723 3532 informat.
769 3470 842 3531 Non
865 3476 924 3545 cst,
939 3466 1043 3551 inquit
1069 3468 1201 3531 verbum
1222 3468 1320 3536 Altis·

369 3568 452 3645 simi,
462 3581 616 3645 vestrum,
627 3590 717 3633 nosse
730 3583 885 3654 tempora,
895 3582 950 3633 aut
967 3567 1059 3652 plene
1071 3569 1176 3633 sciatis
1190 3571 1319 3655 quando

366 3684 399 3734 et
408 3670 563 3756 quamdiu
571 3670 646 3756 quid
656 3670 814 3735 facturum
825 3669 881 3743 sit;
907 3668 955 3733 vel
967 3682 1136 3750 momenta,
1146 3686 1180 3736 ut
1192 3673 1320 3757 possitis

367 3774 489 3848 modos,
512 3784 544 3836 et
566 3772 735 3835 varietates
756 3791 878 3846 eorum,
903 3793 974 3855 quae
996 3770 1108 3835 futura
1130 3786 1214 3849 sunt,
1232 3795 1319 3837 com-

366 3873 571 3958 prehendere.
609 3873 694 3935 Ecce
709 3893 809 3957 quare
824 3872 1025 3935 temerarium
1042 3871 1093 3951 sit,
1108 3875 1218 3937 futura
1232 3861 1319 3939 certo

366 3974 540 4059 subjugare
550 3970 682 4059 judicio.
729 3973 768 4034 In
784 3974 885 4055 patris
901 3970 1057 4056 siquidem
1073 3984 1230 4055 potestate
1245 3984 1320 4038 sunt

367 4077 481 4162 posita,
505 4097 567 4140 non
589 4074 621 4138 in
643 4071 828 4138 necessitate
850 4072 1024 4137 eveniendi.
1069 4076 1169 4138 Porro
1191 4098 1264 4161 quae
1285 4077 1319 4139 iu

366 4188 524 4261 potestate
545 4174 649 4261 posita
672 4187 758 4255 sunt,
774 4171 835 4251 sic,
858 4186 890 4237 et
917 4196 979 4236 non
1005 4173 1061 4250 sic,
1087 4196 1154 4237 esse
1173 4188 1317 4259 possunt.

371 4280 455 4342 Nam
470 4299 545 4361 quae
559 4276 591 4341 in
607 4274 801 4354 necessitate,
818 4277 864 4339 sic
879 4296 945 4337 esse
960 4296 1086 4339 necesse
1101 4287 1157 4338 est.
