3384 5234
414 680 455 739 80
669 694 805 741 rossum
820 693 1099 740 stnnsanmrnrsn
1152 716 1156 725 ,
1241 681 1324 761 [ma.
1341 700 1363 744 r.

415 846 499 924 tatis,
513 846 628 930 privati
647 847 825 911 minoribus
844 859 1051 931 occupentur,
1065 850 1301 915 honestioribus
1315 853 1365 914 in-

415 948 525 1031 genui,
540 948 705 1013 vilioribus
719 950 840 1013 servilis
855 951 999 1014 conditio
1015 952 1235 1035 mancipetur3

523 1068 596 1121 Nam
607 1070 675 1139 quod
686 1074 761 1141 turpe
772 1070 847 1122 bonis
860 1071 921 1124 Seio
932 1071 1066 1142 Titioque,
1079 1072 1182 1126 decebit

524 1154 681 1227 Crispinum.

420 1269 598 1356 Siculique
613 1294 711 1357 quum
725 1274 823 1336 multa
838 1271 901 1335 sint
910 1272 1052 1357 ejusdem
1063 1275 1203 1359 corporis
1212 1277 1367 1351 membra,

418 1392 483 1434 non
501 1374 609 1437 omnia
623 1373 727 1438 eidem
751 1373 837 1437 actui
860 1374 1009 1452 serviunt,
1024 1374 1082 1437 sed
1098 1396 1156 1438 sua
1173 1388 1247 1439 sunt
1262 1377 1368 1439 officia

417 1472 623 1555 singulorum.
668 1473 732 1550 Qui
754 1496 828 1556 ergo
842 1484 934 1537 tuum
956 1477 1098 1539 venatori
1113 1497 1179 1539 non
1194 1476 1295 1552 cedis,
1311 1498 1368 1540 cur

417 1573 504 1638 illius
518 1596 654 1659 usurpas
668 1576 833 1639 officium?
872 1575 990 1638 Nonne
1006 1577 1169 1659 reputabis
1190 1576 1368 1659 iudignum,

420 1676 446 1737 si
473 1674 515 1738 ad
543 1698 675 1759 regnum
698 1678 751 1738 vel
776 1674 818 1738 ad
840 1675 1043 1757 pontificium
1070 1688 1202 1741 venator
1227 1678 1368 1762 aspiret?

420 1775 581 1860 Equidem
610 1776 773 1857 indignius
801 1785 861 1853 est,
885 1777 912 1836 si
938 1775 978 1837 ab
1003 1778 1152 1840 alterutro
1178 1779 1305 1859 fastigio
1329 1779 1370 1842 ad

420 1878 580 1941 venatoris
595 1876 793 1940 carnificium
809 1878 859 1938 vel
874 1873 984 1938 sordes
1003 1878 1189 1958 prolabaris.
1236 1880 1372 1944 Innatus

419 1979 536 2042 etenim
553 1999 641 2041 amor
655 1977 734 2039 boni
749 1997 874 2060 semper
888 1977 1001 2061 quaerit
1016 1998 1202 2054 ascensum3
1226 2001 1243 2041 e
1259 1991 1370 2045 contra

420 2079 523 2142 fomes
537 2078 607 2142 vitii
621 2088 735 2162 sponte
751 2099 808 2142 sua
822 2078 924 2161 vergit
939 2077 980 2141 ad
996 2100 1116 2142 casum.
1162 2078 1269 2143 Causa
1291 2103 1369 2164 quo·

421 2201 484 2264 que
507 2189 613 2244 actum
634 2180 752 2263 poterit
773 2180 934 2259 decorare,
957 2180 985 2243 si
1006 2192 1061 2244 aut
1082 2182 1272 2244 necessitate
1295 2185 1368 2244 sub·

421 2282 522 2355 sistat,
538 2293 594 2345 aut
607 2282 712 2363 rigeat
733 2281 882 2357 utilitate,
898 2292 952 2347 aut
972 2282 1139 2345 honestate
1156 2282 1370 2364 splendescat,

421 2403 520 2466 quum
536 2404 579 2446 ex
595 2384 712 2446 affectu
731 2382 859 2461 mentis,
874 2392 942 2446 tota
957 2384 1059 2446 valeat
1075 2383 1252 2446 substantia
1266 2386 1371 2468 operis

420 2484 564 2547 colorari.
608 2484 752 2548 Affectus
766 2484 884 2548 etenim
908 2496 983 2561 tuus
999 2481 1049 2564 (ut
1063 2484 1108 2548 ait
1123 2481 1264 2566 sapiens)
1282 2486 1370 2568 operi

421 2593 476 2648 tuo
491 2605 609 2648 nomen
629 2585 774 2669 imponit.
820 2585 1063 2666 Inculpabiliter
1077 2606 1119 2648 ex
1136 2588 1254 2649 sanctis
1273 2587 1372 2669 patris

421 2686 572 2750 mandato
599 2700 745 2751 venatum
771 2689 932 2771 profectus
956 2700 1005 2751 est
1030 2690 1130 2765 Esau,
1154 2698 1189 2751 ut
1215 2697 1248 2751 et
1272 2688 1370 2771 patris

420 2789 548 2852 satiaret
562 2790 708 2865 esuriem,
720 2801 752 2853 et
763 2790 949 2874 promissam
960 2789 1222 2853 benedictionem
1232 2791 1371 2873 impensi

421 2891 533 2953 merito
550 2892 695 2977 obsequii
718 2893 882 2956 obtineret.
929 2892 964 2956 si
985 2893 1069 2956 enim
1085 2893 1153 2955 sine
1169 2894 1265 2975 culpa
1279 2914 1372 2955 exer-

422 2996 487 3057 ceri
516 3016 581 3058 non
610 3006 732 3079 posset,
756 3016 961 3079 nequaquam
986 3006 1095 3058 tantus
1120 2995 1300 3077 patriarcba
1330 2994 1371 3058 ad

422 3117 504 3179 opus
518 3098 603 3161 illius
618 3098 756 3161 misisset
772 3097 885 3172 filium,
902 3118 997 3180 quem
1019 3095 1254 3160 benedictionis
1269 3095 1372 3178 gratia

421 3198 455 3259 in
472 3207 570 3280 eaput
584 3199 726 3279 gentium
749 3199 942 3262 constituere
966 3197 1166 3280 disponebat.
1213 3196 1277 3260 Sed
1292 3199 1372 3260 forte

421 3311 510 3364 inora
530 3302 629 3364 traxit
650 3302 692 3364 ad
715 3323 748 3365 se
771 3302 960 3385 periculum,
982 3301 1058 3383 quia
1079 3299 1200 3362 diutius
1221 3299 1321 3371 licito,
1336 3300 1371 3361 in

422 3425 517 3487 opere
532 3414 639 3468 tamen
661 3404 763 3481 licito,
778 3424 820 3467 ex
842 3424 939 3488 prava
962 3401 1195 3467 consuetudine
1211 3412 1244 3463 et
1259 3402 1371 3463 immo-

423 3504 531 3568 derato
555 3526 662 3569 amore
684 3506 874 3570 morabatur.
920 3506 1020 3568 Nulla
1042 3513 1149 3567 tamen
1176 3513 1315 3565 versatur
1337 3502 1371 3565 io

423 3606 529 3689 culpa,
554 3606 611 3690 qui
633 3616 764 3688 urgente
788 3608 916 3670 stimulo
937 3604 1150 3680 necessitatis,
1173 3625 1238 3666 non
1262 3624 1370 3689 repro·
1470 3637 1473 3642 ,

424 3707 490 3770 bati
516 3707 612 3771 studii
638 3708 791 3772 exercitio
818 3709 915 3784 vitam
945 3708 1070 3789 cogitur
1093 3706 1256 3769 exhibere.
1307 3704 1372 3778 Qui

424 3808 480 3871 otii
501 3810 648 3875 inertiam
664 3812 774 3890 vitant,
790 3812 846 3896 qui
868 3809 1016 3892 gerendis
1038 3808 1175 3890 negotiis
1198 3808 1373 3891 disponunt

423 3913 564 3975 membra
600 3912 677 3976 dum
713 3912 877 3976 laboribus
911 3920 1111 3985 assuescunt,
1142 3908 1198 3991 qui
1224 3908 1372 3970 ¹vitiosam

422 4014 563 4097 corporis
592 4015 717 4097 fugiunt
744 4016 875 4091 molem,
904 4023 1026 4077 servata
1054 4011 1090 4074 in
1124 4010 1273 4073 omnibus
1302 4008 1373 4089 dig·

422 4108 522 4179 nitate
548 4138 703 4201 personae,
724 4116 821 4201 justa
846 4112 1100 4197 reprehensionis
1121 4132 1187 4173 noo
1209 4109 1374 4194 patiuntur

425 4218 564 4299 aculeos.
609 4217 701 4300 Opus
727 4216 814 4280 enim
843 4237 911 4279 non
936 4236 979 4279 ex
1006 4236 1051 4292 se,
1076 4210 1132 4276 sed
1155 4231 1197 4273 ex
1220 4230 1318 4273 causa
1340 4209 1376 4272 fit
