3384 5234
426 674 486 734 160
682 692 819 739 Joanrus
836 694 1115 742 sannsanmansrs
1236 683 1318 763 [tra.
1335 701 1372 747 11.

422 844 534 919 tiones,
553 841 673 929 quibus
694 843 873 930 apparebit,
894 845 982 932 quod
1006 848 1072 913 vita
1093 849 1163 935 ejus
1183 871 1245 914 non
1265 851 1373 919 suerat

421 943 555 1009 ulterius
570 943 799 1030 protendenda.
831 948 878 1010 Et
899 960 936 1011 ut
956 947 1086 1025 dicitur,
1102 972 1185 1035 quos
1207 951 1302 1038 longa
1323 954 1372 1017 af·

421 1048 573 1113 flixerunt
598 1046 715 1122 inedia,
733 1046 800 1131 jam
827 1047 963 1113 mortuis
985 1050 1229 1117 sorbitiunculas
1249 1054 1372 1120 faciunt

419 1165 451 1215 et
471 1147 610 1224 inutiles,
625 1161 657 1213 et
677 1147 829 1213 delicatos
845 1164 1030 1236 praeparant
1052 1152 1148 1217 cibos.
1193 1157 1371 1242 Exspectas

419 1252 503 1316 forte
524 1263 561 1315 ut
582 1249 685 1314 dicam
702 1249 790 1336 quod
811 1250 1056 1339 dicitpopulus,
1072 1254 1198 1341 quiebi
1219 1270 1294 1323 sunt
1312 1259 1370 1345 qui

421 1354 562 1419 homines
575 1352 802 1419 officiocissime
816 1353 976 1418 occidunt.
1022 1356 1086 1421 Sed
1101 1356 1230 1423 frustra.
1275 1360 1368 1426 Absit

420 1456 516 1534 enim,
532 1468 568 1520 ut
590 1454 670 1518 banc
690 1456 914 1520 contumeliam
933 1456 1105 1540 proferam,
1120 1482 1216 1545 quam
1241 1461 1267 1524 si
1286 1461 1370 1527 sorte

420 1558 531 1625 audire
560 1556 707 1633 volueris,
732 1558 893 1637 Senecam,
918 1557 1061 1623 Plinium
1090 1560 1197 1637 adeas,
1220 1576 1253 1626 et
1281 1563 1371 1627 Sido-

419 1662 522 1738 nium,
541 1660 599 1745 qui
617 1660 676 1724 hoc
698 1658 730 1723 in
753 1658 886 1724 auribus
907 1661 972 1726 tuis
993 1661 1129 1728 clamore
1151 1664 1258 1729 valido
1280 1665 1371 1751 repli-

417 1763 546 1829 cabunt.

706 2106 849 2171 LIBER
871 2110 1081 2174 TERTIUS.

798 2282 978 2329 PROLOGUS.

460 2394 588 2458 Hosr1s
616 2386 790 2452 multorum
820 2388 875 2467 fio,
900 2389 978 2453 dum
1007 2389 1142 2477 ineptias
1172 2406 1366 2476 nugatorum

418 2494 556 2561 excutio.
603 2492 675 2570 Qua
699 2490 740 2554 de
762 2514 857 2556 causa
876 2492 968 2557 otiari
989 2493 1187 2558 decreveram
1211 2509 1244 2559 et
1267 2495 1369 2559 silere,

419 2598 476 2665 sed
505 2596 641 2663 alterum
664 2592 741 2657 mihi
764 2596 963 2679 negotiorum
987 2595 1147 2661 tumultus
1168 2600 1303 2677 excutit,
1325 2598 1371 2661 al-

416 2714 520 2767 terum
542 2712 649 2763 motus
671 2695 767 2761 animi
784 2695 999 2783 interrumpit.
1045 2696 1108 2776 Qui
1128 2697 1210 2762 enim
1233 2699 1293 2763 sub
1309 2721 1367 2784 po-

416 2813 530 2868 testate
552 2799 744 2863 constitutus
768 2809 828 2875 est,
850 2796 877 2862 si
900 2797 983 2883 sapit
1004 2797 1204 2884 obtemperat
1231 2799 1367 2885 imperio

340 2918 350 2927 ·
416 2901 626 2993 praesidentis.
669 2902 771 2979 Quem
787 2899 908 2965 stimuli
923 2901 1096 2967 affectuum
1120 2914 1284 2989 pungunt,
1306 2902 1369 2966 dis-

415 3003 564 3072 simulare
579 3027 642 3070 non
658 3012 773 3089 potest,
787 3004 867 3087 quin
890 3015 1056 3067 moveatur
1078 3002 1119 3066 ad
1140 3003 1274 3068 formam
1297 3024 1367 3088 pas-

415 3109 522 3175 sionis.
567 3107 704 3174 Exultat
730 3127 806 3189 ergo
832 3126 928 3191 quem
955 3104 1065 3189 gaudii
1092 3127 1172 3170 aura
1198 3105 1368 3181 demulcet,

415 3233 487 3296 spes
502 3209 625 3274 inducit
645 3206 849 3283 hilaritatem,
865 3219 970 3271 metus
986 3206 1137 3293 trepidat,
1152 3207 1289 3272 dolentis
1303 3206 1369 3271 ani-

415 3334 488 3375 mus
516 3333 652 3377 moerore
680 3306 892 3372 confunditur.
939 3308 1020 3372 Haec
1046 3308 1132 3395 apud
1160 3308 1302 3395 singulos
1327 3309 1370 3372 ul·

415 3425 519 3478 ternat
535 3412 631 3475 facies
646 3408 721 3473 boni
735 3422 792 3473 aut
812 3408 899 3475 mali.
944 3408 1064 3475 Verum
1088 3433 1197 3476 sensus
1212 3411 1367 3475 malorum

414 3513 507 3579 altior
522 3523 581 3588 est,
597 3525 628 3575 et
644 3509 760 3595 saepius
774 3510 806 3573 in
827 3533 935 3575 omnes
955 3513 1109 3592 incurrit3
1132 3514 1205 3600 quis
1220 3526 1267 3579 est
1284 3514 1366 3577 enim

414 3612 471 3697 qui
486 3610 640 3673 malorum
656 3609 826 3695 asperitate
847 3612 965 3697 saepius
984 3636 1047 3677 non
1064 3626 1188 3691 uratur,
1200 3636 1297 3700 quam
1313 3614 1368 3677 de-

413 3711 592 3777 mulceatur
613 3711 753 3775 fomento
775 3711 958 3776 bonorum?
996 3716 1102 3779 Rarus
1122 3727 1181 3794 est,
1195 3714 1252 3798 qui
1268 3712 1368 3777 totius

412 3815 551 3879 fortunae
566 3813 720 3898 impetum
734 3835 753 3875 a
767 3835 800 3876 se
815 3826 885 3877 toto
896 3815 995 3899 possit
1006 3837 1123 3879 arcere.
1169 3813 1231 3892 Qui
1243 3813 1309 3878 suis
1321 3813 1367 3876 vi-

412 3916 501 3981 ribus
523 3914 686 4001 praevalet,
709 3922 766 3979 aut
787 3915 819 3978 in
843 3916 936 3979 amici
958 3929 1015 3980 aut
1035 3915 1200 3981 larniliaris
1222 3936 1366 3999 corpore,

411 4017 462 4082 vel
477 4027 560 4081 sorte
576 4028 726 4081 tentatur.
772 4015 864 4081 Licet
886 4040 1000 4103 parum
1021 4015 1180 4082 humanus
1199 4015 1252 4092 sit,
1268 4038 1365 4100 quem

411 4135 632 4187 extraneorum
649 4119 777 4206 jactura
795 4142 859 4183 non
881 4123 1039 4186 concutit:
1079 4141 1142 4184 non
1163 4118 1239 4183 satis
1267 4116 1364 4181 homo

410 4238 457 4291 est
472 4246 566 4312 quem
583 4222 683 4290 aliena
699 4245 760 4286 nou
777 4235 916 4287 movent.
959 4222 1022 4287 Sed
1039 4220 1284 4310 sapientioribus
1294 4219 1362 4306 jam

410 4330 495 4395 venit
525 4329 556 4393 in
588 4328 735 4406 dubium,
762 4350 802 4393 an
818 4328 992 4412 quicquam
1023 4326 1171 4406 hominis,
1198 4340 1283 4391 recte
1310 4325 1359 4391 sit.
