3384 5234
416 689 479 747 972
663 696 800 742 romnus
815 696 1094 741 sauasnunmnsrs
1241 677 1323 758 [nm.
1339 699 1370 742 v.

417 870 498 936 quas
513 851 545 912 iu
561 844 637 911 orbe
652 860 682 911 et
698 849 778 911 urbe
793 845 908 932 passim
924 846 1031 924 habet,
1047 869 1158 932 rupem
1175 847 1270 911 etiam
1287 850 1371 913 Tar·

416 951 519 1038 pelam
531 949 746 1034 occupaverit,
759 969 909 1034 supremo
919 948 996 1013 Jovi
1005 962 1179 1034 coaequata,
1188 961 1220 1014 et
1231 950 1372 1037 publicae
1415 961 1420 1023 ζ

416 1054 554 1118 fortunae
565 1054 672 1137 imago
683 1073 779 1114 aurea
791 1050 822 1114 in
836 1049 997 1137 Capitolio
1008 1051 1050 1115 ab
1058 1049 1200 1129 advenis,
1211 1051 1371 1129 convenis,

417 1168 449 1221 et
468 1153 637 1239 indigenis,
653 1152 779 1239 publice
799 1152 961 1234 adoretur,
975 1165 1008 1217 et
1027 1164 1148 1218 tantam
1163 1176 1231 1241 prae
1248 1154 1373 1221 caeteris

417 1257 515 1324 habet
536 1255 769 1329 auctoritatem,
786 1254 872 1340 qnod
895 1254 927 1317 in
951 1267 1020 1319 tota
1041 1254 1163 1320 ratione
1185 1256 1368 1320 mortalium

417 1361 465 1440 (ut
481 1357 544 1423 dici
559 1356 650 1439 solet)
663 1356 728 1421 sola
744 1371 914 1442 utramque
925 1356 1072 1443 paginam
1089 1357 1217 1424 videtur
1227 1357 1371 1444 implere.

416 1461 534 1529 Videas
549 1482 616 1524 eam
629 1458 674 1523 ibi
688 1470 758 1523 rota
770 1480 896 1521 versare
906 1458 1091 1535 volubilem,
1102 1460 1255 1546 quodque
1266 1462 1371 1546 magis

416 1564 541 1639 mirere,
558 1560 700 1647 ejusdem
715 1573 796 1625 rotae
815 1560 956 1645 impulsu
973 1561 1012 1625 de
1032 1574 1160 1646 pectore
1175 1562 1268 1626 Jovis
1283 1585 1370 1627 soro·

416 1689 489 1731 rum
509 1687 607 1753 pensa
625 1663 819 1751 praecipitat,
841 1675 874 1727 et
896 1664 1073 1730 conculcat.
1111 1665 1263 1752 Quisquis
1285 1667 1371 1731 enim

415 1767 577 1834 fortunam
595 1765 719 1847 statuit,
732 1765 799 1830 fata
813 1765 1002 1851 praecipitat,
1018 1778 1051 1830 et
1065 1766 1224 1832 convellit.

522 1931 590 1984 Fata
598 1931 698 2000 (inquit
707 1931 824 2001 Stoicus)
833 1936 928 1999 regrmt
938 1930 1155 1997 nominatarum
1163 1934 1241 1986 estin
1252 1934 1371 2005 partibus

521 2101 596 2164 Quas
607 2016 835 2156 sidiihshbscondit.

417 2254 505 2321 Huic
515 2253 684 2341 paradoxae
694 2254 885 2331 Stoicorum,
896 2254 979 2341 augia
988 2253 1055 2333 δόξα
1064 2255 1198 2343 Epicuri
1207 2256 1369 2322 reclamat.

417 2356 573 2434 Fatalem,
588 2355 705 2442 inquit,
721 2355 797 2421 tolle
813 2361 1043 2439 necessitatem,
1059 2358 1144 2445 quia,

520 2523 550 2575 si
559 2522 662 2576 fortuna
673 2522 751 2589 volet,
762 2522 812 2577 fles
824 2524 857 2577 de
868 2523 970 2578 rhetore
983 2524 1096 2591 Consul3

521 2609 550 2662 Si
561 2609 631 2664 volet
642 2609 699 2664 haec
709 2610 810 2675 eadem,
822 2610 872 2665 fies
884 2611 917 2665 de
929 2610 1043 2665 Consule
1053 2611 1149 2665 rhetor.

418 2780 578 2844 Caeterum
608 2788 645 2840 ut
674 2799 748 2841 cum
778 2778 909 2844 fortuna
939 2777 989 2842 vel
1017 2778 1126 2844 mitius
1155 2801 1298 2863 agamus,
1328 2779 1369 2843 sit

418 2881 653 2967 inopinatorum
682 2891 854 2944 eventuum
889 2882 1003 2959 forma,
1033 2894 1065 2946 et
1094 2881 1168 2946 licet
1197 2879 1371 2945 conditioni

417 2981 564 3048 videatur
577 2980 752 3068 plurimum
768 2980 909 3061 vicinari,
920 3004 957 3044 eo
972 2980 1058 3067 quod
1074 2981 1279 3046 fortuitorum
1296 3002 1371 3044 con-

415 3107 528 3151 cursus
540 3097 658 3151 statum
672 3083 797 3163 efficiat,
808 3106 906 3170 quam
917 3084 1128 3149 conditionem
1140 3107 1207 3149 esse
1217 3083 1370 3171 praedixi-

415 3207 497 3263 mus,
520 3186 552 3250 in
575 3209 613 3251 eo
638 3199 743 3251 tamen
768 3184 944 3271 plurimum
971 3185 1090 3264 differt,
1115 3186 1201 3272 quod
1227 3183 1370 3250 conditio

417 3312 501 3354 nunc
519 3311 538 3352 a
558 3300 683 3365 natura,
701 3310 784 3352 nunc
807 3287 847 3352 ab
868 3285 981 3368 officio,
997 3309 1082 3351 nunc
1103 3311 1123 3352 a
1142 3287 1287 3352 moribus
1307 3298 1369 3368 est,

416 3414 500 3457 nunc
515 3415 535 3456 a
548 3391 643 3455 variis
658 3390 769 3475 figuris
784 3402 966 3456 eventuum.
998 3390 1144 3455 Fortuna
1158 3411 1281 3475 semper
1296 3410 1369 3453 con·

417 3494 498 3560 sistit
513 3495 546 3558 in
569 3493 707 3581 hisquae
730 3492 902 3578 improvisa
925 3505 1101 3578 emergunt.
1146 3493 1228 3556 Eam
1251 3513 1369 3579 usque·

416 3617 544 3681 quaque
563 3596 677 3660 nititur
691 3618 844 3659 evacuare
867 3596 1072 3675 Plutarchus,
1086 3608 1118 3660 et
1137 3617 1176 3661 ex
1198 3593 1369 3681 praemissis

415 3706 556 3780 quatuor
585 3694 672 3772 locis,
703 3707 837 3772 naturae,
868 3694 974 3774 officii,
1002 3719 1138 3773 morum,
1167 3694 1369 3774 conditionis,

415 3796 512 3863 totius
527 3800 710 3861 reverentiae
731 3818 858 3859 manare
878 3797 978 3862 credit
999 3798 1164 3883 originem.
1210 3797 1368 3884 Supersti-

415 3897 527 3963 tiosius
547 3908 651 3960 tamen
667 3895 726 3958 hoc
746 3894 922 3960 infidelium
939 3919 1025 3961 more
1045 3900 1227 3987 exequitur.
1274 3898 1369 3965 Unde

405 3999 581 4066 ‘nonnullas
599 3998 770 4063 sententias
790 3998 871 4085 ejus,
887 4022 978 4065 sensu
1003 4014 1034 4067 et
1051 4026 1192 4068 sermone
1213 3998 1371 4065 catholico

419 4101 527 4167 curavi
543 4101 688 4166 inserere.
735 4100 795 4164 Ille
818 4101 946 4186 quidem
964 4101 994 4165 in
1018 4102 1140 4168 cultum
1164 4103 1295 4164 deorum
1318 4119 1373 4160 eos

392 4203 575 4292 'praecipue
601 4202 709 4269 asserit
742 4205 946 4282 venerandos,
974 4204 1028 4291 qui
1058 4207 1087 4267 ei
1117 4199 1306 4265 familiarius
1336 4210 1367 4262 et

415 4306 547 4372 vicinius
569 4305 735 4371 accedunt.
782 4306 850 4370 Aut
877 4320 1002 4382 natura,
1027 4317 1063 4368 ut
1088 4301 1184 4369 Liber
1209 4301 1365 4366 Indorum
