3384 5234
435 693 498 752 320
705 706 841 751 solutus
857 705 1132 751 ssunsnumuusrs
1256 692 1343 766 [nm.
1359 711 1389 754 v.

434 858 541 933 fidem,
551 858 683 923 adversa
697 860 843 943 probatio
858 881 1061 943 nequaquam
1075 873 1251 925 evacuaret.
1287 864 1389 928 Unde

432 969 465 1023 et
476 960 517 1021 D.
527 960 686 1025 Adrianus
698 963 867 1044 rescripsit,
879 962 1058 1047 judicantis
1069 961 1205 1027 dilatans
1217 964 1250 1026 in
1261 967 1386 1028 exami-

431 1059 560 1121 natione
573 1061 698 1124 testium
715 1062 899 1125 facultatem
911 1085 920 1138 ;
943 1072 976 1125 et
985 1063 1082 1125 verba
1096 1063 1227 1146 quidem
1242 1065 1388 1147 epistolae

431 1172 504 1224 suut
518 1162 609 1225 haecr
637 1162 689 1225 Tu
704 1163 807 1244 magis
817 1164 899 1226 scire
911 1174 1002 1247 potes
1013 1176 1131 1246 quanta
1142 1163 1224 1227 fides
1235 1166 1388 1230 habenda

431 1264 473 1328 sit
483 1265 629 1343 testibus,
640 1266 695 1350 qui
711 1266 804 1350 eujus
821 1265 998 1347 dignitatis,
1008 1276 1040 1329 et
1055 1266 1150 1350 cnjus
1166 1268 1386 1331 aestimationis

430 1366 505 1444 sint,
526 1379 557 1430 et
580 1369 634 1450 qui
654 1368 840 1450 simpliciter
860 1368 919 1430 visi
940 1368 1004 1431 sint
1024 1367 1140 1441 dicere,
1160 1378 1264 1430 utrum
1283 1390 1385 1433 unum

430 1466 631 1552 eundemque
648 1489 825 1531 sermonem
842 1467 1028 1532 meditatum
1044 1470 1216 1546 attulerint,
1231 1490 1272 1531 an
1287 1470 1330 1533 ad
1346 1493 1386 1534 ea

431 1591 502 1653 quoe
517 1570 769 1652 interrogaveris,
790 1591 832 1633 ex
855 1582 997 1653 tempore
1020 1570 1230 1633 verisimiliter
1252 1592 1385 1655 respon·

430 1671 540 1734 derint
588 1672 668 1743 Quae
690 1682 885 1754 argumenta,
909 1683 942 1735 et
964 1671 1244 1754 quemadmodum,
1266 1674 1385 1758 cuique

429 1775 477 1836 rei
498 1772 674 1856 probandae
696 1773 868 1850 sufficiant,
889 1775 978 1836 nullo
1001 1785 1088 1837 certo
1108 1772 1203 1836 modo
1225 1774 1301 1837 satis
1323 1775 1383 1838 dif-

430 1873 513 1937 finiri
536 1884 651 1956 potest.
697 1875 786 1937 Alias
807 1895 959 1937 numerus
982 1873 1121 1950 testium,
1141 1873 1220 1936 alias
1246 1873 1385 1957 dignitas

430 1983 462 2038 et
477 1976 659 2053 auctoritas
674 1976 753 2039 alias
772 1975 869 2038 veluti
886 1974 1090 2038 consentiens
1109 1974 1194 2036 fama
1216 1975 1386 2040 confirmat

429 2077 485 2153 rei,
508 2076 548 2140 de
571 2099 635 2159 qua
658 2078 809 2160 quaeritur
831 2075 937 2139 fidem.
983 2077 1059 2139 Hoc
1081 2075 1179 2158 igitur
1199 2077 1301 2138 solum
1326 2079 1385 2141 tibi

429 2178 621 2263 respondere
632 2179 753 2262 possim
765 2178 1029 2254 summatim,nou
1038 2177 1149 2260 utique
1159 2174 1199 2239 ad
1207 2199 1304 2241 unam
1310 2200 1385 2261 spe-

431 2282 526 2360 ciem,
540 2280 738 2365 probationis
754 2280 970 2362 cognitionem
987 2279 1092 2343 statim
1108 2279 1240 2362 allegari
1255 2279 1385 2359 debere,

430 2383 488 2446 sed
504 2404 545 2446 ex
561 2382 721 2446 sententia
736 2382 834 2444 animi
850 2381 905 2455 tui,
917 2392 949 2445 te
966 2380 1121 2444 aestimare
1136 2391 1293 2463 oportere,
1305 2384 1386 2467 quid

429 2493 484 2548 aut
507 2484 629 2563 credam,
651 2496 707 2547 aut
726 2505 838 2566 parum
859 2485 1029 2566 probatum
1049 2482 1111 2544 tibi
1134 2482 1281 2564 opineris.
1325 2486 1383 2548 Ju-

430 2585 497 2649 dioi
523 2607 597 2649 vero
625 2586 793 2669 plurimum
820 2585 907 2661 licet,
934 2584 1011 2647 dnm
1037 2584 1071 2645 in
1096 2583 1244 2645 omnibus
1269 2587 1386 2650 serviat

430 2687 564 2763 veritati,
579 2708 676 2770 quam
692 2686 719 2749 si
737 2687 786 2767 (ut
808 2686 899 2764 solet)
922 2684 1008 2769 apud
1026 2683 1191 2767 improbos
1211 2686 1385 2767 periclitari

431 2787 627 2868 cognoverit,
644 2785 685 2848 ad
700 2786 932 2868 professionem
955 2785 1025 2869 ejus
1048 2785 1104 2869 qni
1126 2787 1297 2849 necessarii
1316 2789 1385 2852 fue·

430 2886 503 2963 rint,
522 2884 725 2962 evocabit‚'et
750 2885 791 2948 ad
811 2885 1028 2964 testimonium
1055 2885 1228 2967 compellet
1247 2886 1382 2952 invitos:

428 2986 480 3049 his
506 2996 609 3049 tamen
639 2987 796 3069 exceptis,
819 3007 900 3069 quos
921 2976 1076 3049 ¹adversus
1103 2997 1206 3049 certas
1232 3007 1385 3069 personas

429 3088 595 3152 testificari
605 3088 679 3171 jura
694 3109 759 3150 non
776 3099 905 3170 cogunt.

429 3275 510 3359 Cap.
526 3281 575 3339 15.
599 3278 682 3350 Qaae
686 3279 878 3357 pertineant
887 3275 932 3337 ud
938 3276 1126 3356 relipionem
1138 3280 1385 3357 Proconsulum,

467 3380 659 3463 presidum,
680 3388 712 3442 et
734 3379 975 3441 ordinariorum
990 3377 1157 3460 judicum,
1172 3389 1204 3442 et
1224 3389 1385 3465 qautenus

470 3482 572 3544 xenia
584 3480 739 3562 protendi
755 3480 877 3549 liceum
900 3486 933 3542 et
948 3479 988 3540 de
1005 3480 1172 3559 Cicerone,
1194 3481 1383 3561 Bernardo,

471 3582 632 3653 Martiuo,
653 3582 816 3663 &aufrido
834 3582 1035 3644 Carnolensi.

471 3712 649 3773 Pnnrmuu
664 3726 770 3777 autem
787 3715 828 3776 ad
843 3716 1029 3796 religionem
1044 3716 1200 3797 praesidis,
1216 3714 1385 3795 providere

428 3837 469 3879 ne
495 3813 690 3897 potentiores
715 3816 776 3876 viri
801 3816 927 3896 injuriis
953 3817 1095 3878 afficiant
1118 3814 1315 3890 humiliores,
1341 3838 1384 3881 ne

430 3917 612 3982 defensores
632 3934 740 3976 eorum
762 3915 970 3977 calumniosis
985 3915 1170 3976 criminibus
1185 3915 1385 3982 insectentur

431 4020 630 4082 innocentes.
670 4009 921 4099 Prohibebitque
936 4016 1041 4079 illatas
1057 4017 1252 4096 exactiones
1269 4030 1302 4082 et
1316 4020 1383 4083 rio·

429 4118 543 4186 lentias
566 4118 678 4197 tactas,
699 4130 731 4183 et
753 4129 894 4183 extortas
916 4130 1002 4183 metu
1023 4120 1237 4196 venditiones
1253 4133 1285 4185 et
1307 4143 1381 4185 cau·

429 4224 543 4296 tiones,
567 4224 617 4285 vel
641 4223 710 4287 sine
733 4222 827 4307 pretii
851 4224 1081 4302 numeratione,
1104 4245 1145 4287 ne
1168 4235 1200 4286 et
1221 4224 1289 4307 ipse
1308 4245 1380 4306 pro-

430 4324 567 4388 vinciam
594 4324 626 4386 in
654 4325 836 4407 praebendis
860 4325 1009 4410 hospitiis
1035 4336 1155 4405 oneret,
1178 4324 1315 4409 denique
1341 4345 1383 4386 ne
