3384 5234
407 672 469 730 286
668 680 803 727 scaurus
820 680 1097 726 saussanrunnsm
1236 659 1318 739 [arn.
1336 681 1367 722 v.

408 836 532 899 diverso
554 831 649 896 modo
670 831 848 917 exponitur.
902 829 984 915 Ego,
1015 830 1242 915 sapientiorum
1272 828 1367 893 venia

408 937 588 1021 impetrata,
610 956 759 1000 acervum
782 932 878 998 credo
899 932 1066 1012 Mercurii,
1082 933 1114 996 in
1138 954 1202 1019 quo
1224 931 1368 997 consistit

409 1038 489 1103 ratio
514 1036 705 1111 calculandi,
730 1036 806 1124 quia
832 1034 1015 1101 Mercurius
1039 1057 1161 1099 numen
1184 1055 1295 1102 eorum
1318 1047 1368 1099 est

408 1139 463 1228 qui
478 1137 726 1223 negotiationem
742 1147 904 1217 exercent,
915 1147 948 1201 et
962 1136 1135 1201 ratiociniis
1150 1136 1214 1201 suis
1229 1136 1367 1221 diligen-

407 1254 456 1309 ter
470 1242 648 1326 invigilant.
677 1240 810 1309 Mittere
826 1261 902 1325 ergo
918 1239 1058 1325 lapidem
1078 1240 1111 1305 in
1125 1261 1286 1322 acervum,
1300 1262 1366 1326 quo

406 1345 527 1430 regitur
541 1344 621 1409 ratio
643 1342 834 1424 calculandi,
854 1353 904 1407 est
917 1354 1018 1407 totam
1042 1343 1171 1407 turbare
1186 1341 1299 1407 calculi
1315 1366 1366 1407 ra-

407 1446 528 1512 tionem
539 1470 547 1510 r
570 1459 604 1511 et
614 1446 767 1512 honorem
779 1443 923 1509 conferre
935 1444 1107 1530 insipienti,
1120 1456 1168 1510 est
1179 1443 1366 1530 reipublicae

408 1549 590 1616 subvertere
607 1549 715 1615 vitam.
754 1548 799 1617 Et
812 1547 1011 1634 impossibile
1026 1559 1084 1627 est,
1100 1560 1137 1613 ut
1152 1547 1230 1612 alios
1243 1547 1368 1612 utiliter

408 1664 508 1739 regat,
518 1673 616 1741 quem
632 1651 777 1739 proprius
793 1650 952 1716 subvertit
965 1672 1061 1715 error.
1097 1650 1155 1715 Ait
1169 1648 1273 1715 enim:
1299 1651 1366 1717 Ubi

407 1778 471 1821 non
487 1768 535 1821 est
551 1754 754 1839 gubernator,
773 1753 911 1840 populus
925 1765 1061 1819 corruet.
1107 1753 1150 1818 Et
1172 1753 1266 1819 alibi:
1294 1759 1367 1821 Rex

408 1858 559 1945 insipiens
582 1857 695 1943 perdet
717 1855 872 1943 populum
894 1878 999 1934 suum,
1023 1867 1056 1920 et
1078 1855 1224 1921 civitates
1241 1855 1367 1922 babita-

408 1962 529 2026 buntur
542 1982 639 2045 super
654 1981 781 2024 sensum
798 1959 1014 2045 prudentium.
1051 1958 1167 2025 Omnis
1182 1968 1366 2045 potentatus

408 2064 473 2129 vita
486 2061 602 2141 brevis,
617 2061 751 2145 languor
771 2061 922 2145 prolixior
940 2072 1052 2145 gravat
1072 2061 1246 2126 medicum.
1285 2066 1365 2127 Bre-

409 2170 481 2228 vem
497 2163 683 2245 languorem
699 2160 854 2247 praecidet
865 2162 1019 2240 medicus,
1032 2163 1076 2227 sic
1087 2175 1122 2229 et
1132 2186 1188 2228 rex
1197 2162 1292 2229 hodie
1304 2175 1366 2246 est,

409 2276 443 2330 et
453 2287 521 2329 cras
532 2262 695 2328 morietur.
733 2263 845 2338 Quum
858 2265 944 2328 enim
957 2266 1113 2331 morietur
1122 2266 1229 2342 bomo,
1238 2265 1367 2331 beredi-

408 2365 490 2431 tabit
504 2374 677 2451 serpentes,
689 2375 722 2429 et
736 2365 864 2442 bestias,
876 2377 909 2430 et
921 2389 1055 2433 vermes.
1089 2367 1245 2456 Nunquid
1256 2391 1366 2456 quaeso

408 2490 565 2559 pauperes
579 2468 804 2554 opprimuntur
818 2468 951 2556 injuriis,
968 2482 1176 2536 attenuantur
1193 2470 1367 2536 exactioni-

408 2572 478 2649 bus,
500 2570 618 2657 rapinis
639 2569 871 2657 multiplicibus
893 2572 1078 2658 spoliantur,
1096 2573 1253 2657 jubentur
1273 2574 1306 2637 in
1330 2597 1365 2638 se

408 2697 596 2740 concurrere
612 2674 731 2760 populi,
748 2686 781 2739 et
798 2674 909 2739 orbem
926 2688 1106 2753 concutere,
1123 2687 1159 2741 ut
1181 2676 1365 2763 potentibus

357 2827 359 2831 Α
407 2777 458 2843 isti
468 2776 640 2842 succedant
649 2774 803 2840 heredes?
816 2776 875 2841 Isti
883 2800 1021 2863 namque
1032 2778 1365 2845 succeduntomnibus

403 2882 478 2964 jure
494 2903 562 2959 suo,
576 2902 634 2944 nec
648 2878 850 2944 desideratur·
862 2881 1044 2945 solemnitas
1057 2885 1248 2965 testamenti,
1260 2885 1300 2948 ab
1316 2886 1364 2947 in-

408 2995 525 3047 testato
534 2996 702 3066 emergunt
715 3005 724 3054 ;
749 2981 828 3044 velis
840 2983 932 3058 nolis,
944 2984 1002 3046 hos
1012 2984 1144 3048 babebis
1155 2985 1295 3050 heredes.
1324 2987 1365 3051 In

408 3068 601 3148 secularibus
626 3082 726 3146 literis
752 3082 856 3145 fertur
878 3082 995 3147 dixisse
1021 3083 1128 3149 Plato:
1163 3086 1300 3150 Perinde
1318 3101 1367 3151 est

407 3204 510 3267 quum
527 3180 671 3245 subditos
686 3179 838 3265 opprimit
855 3183 1072 3267 magistratus,
1089 3207 1125 3248 ac
1142 3186 1168 3249 si
1183 3201 1279 3269 caput
1295 3209 1364 3250 cor·

408 3285 494 3370 poris
516 3285 716 3358 intumescat,
733 3297 770 3348 ut
793 3307 812 3348 a
827 3286 977 3349 membris
992 3297 1049 3350 aut
1063 3288 1202 3362 omnino,
1225 3304 1282 3351 aut
1297 3289 1365 3352 sine

406 3386 551 3450 molestia
565 3385 642 3449 ferri
657 3408 719 3449 non
735 3387 843 3472 possit.
877 3392 971 3453 Hanc
988 3402 1092 3454 autem
1109 3390 1286 3477 passionem
1298 3395 1364 3456 sine

405 3487 591 3572 gravissimo
620 3485 729 3550 dolore
758 3492 972 3553 membrorum
1010 3490 1138 3555 tolerari
1170 3494 1219 3557 vel
1248 3494 1364 3573 curari,

405 3588 597 3673 impossibile
618 3602 675 3652 est.
722 3588 846 3654 sivero
868 3592 1052 3657 incurabilis
1067 3595 1165 3659 fuerit
1186 3599 1302 3680 passio,
1318 3595 1364 3659 sic

407 3690 512 3753 vivere
534 3712 629 3775 quam
646 3690 725 3755 mori
748 3692 893 3756 miserius
907 3707 966 3758 est.
1013 3694 1140 3758 Miseris
1160 3707 1266 3757 autem
1283 3694 1363 3757 nihil

405 3790 516 3854 utilius
542 3803 599 3870 est,
624 3815 720 3877 quam
750 3808 914 3878 utcunque
940 3793 1032 3855 finire
1058 3793 1224 3855 miseriam.
1270 3791 1362 3855 Idem

405 3915 535 3978 quoque
550 3891 667 3957 dixisse
690 3892 825 3977 legitur:
861 3896 971 3966 Quum
994 3891 1025 3953 in
1049 3892 1206 3976 subjectos
1222 3905 1363 3976 potestas

406 3998 507 4070 saevit,
522 3993 606 4057 idem
628 4011 675 4058 est
691 4015 727 4057 ac
743 3994 768 4056 si
790 4004 878 4056 tutor
893 3991 1050 4078 pupillum
1073 4005 1294 4079 persequatur,
1311 3993 1361 4057 vel

405 4120 476 4161 eum
494 4117 552 4160 suo
572 4118 723 4160 mucrone
739 4094 883 4182 jugules,
898 4095 940 4159 ob
963 4096 1056 4182 cujus
1078 4096 1303 4173 defensionem,
1320 4097 1361 4161 ab
1437 4120 1441 4127 ’

404 4199 515 4263 eodem
530 4198 685 4262 traditum
701 4197 761 4262 tibi
772 4194 916 4283 gladium
933 4198 1090 4284 accepisti.
1125 4202 1206 4264 Rem
1223 4221 1361 4283 namque

405 4300 565 4386 publicam
581 4301 644 4365 frui
661 4301 735 4386 jure
751 4301 866 4387 pupilli
882 4302 1060 4388 percelebre
1078 4316 1137 4383 est,
1152 4317 1183 4368 et
1199 4326 1267 4367 eam
1284 4316 1360 4368 tunc
