3384 5234
344 700 420 745 cra.
436 682 526 761 v111.]
704 699 957 746 aonrcaarrcus.
1240 689 1302 748 art

341 850 493 915 Alterum
515 872 653 934 namque
671 852 818 938 justitiae,
838 852 972 916 alterum
993 849 1122 937 pietatis
1143 864 1203 929 est,
1222 874 1297 938 quae

339 951 419 1016 adeo
440 952 577 1039 principi
599 953 784 1018 necessariae
807 965 894 1030 sunt,
910 966 947 1016 ut
970 951 1115 1038 quisquis
1137 952 1203 1016 sine
1224 952 1297 1031 illis,

339 1076 401 1117 non
426 1054 522 1118 modo
545 1053 772 1141 principatum,
797 1054 854 1119 sed
877 1052 1052 1139 quemlibet
1075 1054 1297 1138 magistratum

343 1156 503 1233 vendicet,
519 1156 640 1220 frustra
662 1179 694 1220 se
714 1158 818 1242 ipsum
839 1155 982 1231 irrideat,
999 1155 1053 1219 sed
1069 1169 1099 1220 et
1116 1155 1249 1220 aliorum
1266 1156 1299 1220 in

339 1281 371 1321 se
394 1270 545 1345 provocet
576 1259 686 1335 risum,
714 1270 922 1336 contemtum,
948 1272 980 1322 et
1006 1258 1124 1322 odium.
1171 1259 1297 1323 Miseri·

339 1359 457 1435 cordia,
480 1360 598 1446 inquit,
621 1373 652 1424 et
675 1362 791 1425 veritas
813 1383 875 1424 non
900 1376 931 1425 te
953 1360 1110 1436 deserant,
1134 1361 1296 1425 circumda

339 1486 392 1526 eas
406 1465 532 1547 gutturi
548 1473 616 1540 tuo,
630 1475 662 1526 et
683 1462 784 1526 scribe
804 1485 857 1526 eas
871 1463 903 1526 in
921 1462 1038 1527 tabulis
1059 1462 1163 1526 cordis
1186 1464 1246 1539 tui,
1261 1476 1294 1528 et

341 1564 485 1629 invenies
499 1562 647 1650 gratiam,
662 1577 694 1628 et
708 1563 907 1649 disciplinam
925 1565 1038 1628 bonam
1054 1586 1159 1628 coram
1176 1568 1247 1629 Deo
1262 1577 1293 1629 et

341 1665 536 1730 hominibus
591 1666 705 1731 Gratia
731 1688 870 1750 namque
896 1665 1032 1731 debetur
1059 1665 1295 1745 misericordiae,

335 1768 472 1853 justitiae
488 1767 662 1854 disciplina.
709 1768 833 1853 Utique
848 1768 953 1853 gratia
974 1780 1006 1832 et
1028 1790 1116 1832 amor
1137 1768 1295 1853 subjecto-

340 1892 423 1946 rum,
439 1892 535 1955 quarn
559 1869 669 1932 divina
690 1868 837 1954 producit
861 1870 976 1952 gratia,
999 1870 1154 1956 optimum
1177 1871 1294 1934 instru-

341 1983 482 2035 mentum
503 1984 550 2035 est
570 1973 709 2035 omnium
730 1969 953 2054 gerendorum.
1000 1971 1063 2034 Sed
1078 1984 1109 2036 et
1125 1994 1213 2035 amor
1228 1971 1293 2036 sine

340 2072 507 2158 disciplina
521 2095 583 2135 non
600 2072 736 2158 proficit,
751 2073 828 2158 quia
847 2087 988 2137 cessante
1002 2073 1140 2159 justitiae
1155 2074 1295 2154 stimulo,

338 2176 479 2262 populus
495 2199 528 2240 se
543 2176 574 2239 in
591 2174 702 2240 illicita
714 2175 853 2239 resolvit.
893 2175 1073 2241 Meditatur
1084 2200 1161 2263 ergo
1170 2178 1294 2264 jugiter

339 2277 534 2362 sapientiam,
549 2291 581 2341 et
603 2277 643 2341 de
658 2301 695 2341 ea
716 2278 760 2340 sic
778 2277 938 2363 justitiam
960 2291 1123 2364 operatur,
1139 2280 1227 2365 quod
1242 2280 1294 2343 lex

338 2379 512 2443 clementiae
535 2403 658 2465 semper
678 2393 724 2444 est
746 2379 777 2442 in
798 2380 907 2464 lingua
928 2382 1016 2466 ejus:
1045 2393 1077 2445 et
1098 2382 1143 2444 sic
1160 2381 1294 2445 clemen-

337 2480 412 2546 tiam
434 2494 589 2566 temperat
610 2483 697 2566 rigor
715 2480 863 2568 justitiae,
879 2481 964 2566 quod
986 2481 1096 2566 lingua
1116 2483 1186 2568 ejus
1203 2483 1292 2569 judi-

336 2583 419 2648 cium
436 2582 589 2669 loquitur.
636 2582 748 2646 Officio
763 2604 901 2666 namque
917 2582 987 2667 ejus
1002 2582 1131 2666 justitia
1150 2583 1181 2645 in
1200 2582 1289 2667 judi·

338 2682 421 2747 cium
443 2683 592 2758 vertitur,
615 2706 653 2746 ea
673 2681 804 2768 quidem
829 2684 1024 2756 necessitate,
1042 2694 1079 2745 ut
1095 2704 1206 2747 vacare
1228 2704 1292 2747 non

340 2782 441 2860 liceat,
467 2783 546 2868 quin
578 2783 715 2869 seipsum
748 2781 807 2846 sibi
836 2781 950 2847 collato
978 2781 1132 2846 destituat
1161 2781 1290 2848 honore.

338 2884 452 2945 Honor
462 2883 576 2947 etenim
594 2884 677 2969 regis
687 2884 847 2969 judicium
864 2882 980 2968 diligit,
991 2899 1023 2947 et
1035 2881 1289 2968 delinquentium

336 2984 447 3071 culpas
462 2986 635 3072 tranquilla
651 2986 764 3050 mentis
784 2986 1000 3051 moderatione
1014 2984 1194 3070 compescit.
1239 2986 1291 3049 De

337 3087 581 3173 magistratuum
609 3089 825 3153 moderatione
851 3088 969 3152 librum
998 3088 1101 3153 fertur
1130 3087 1289 3172 scripsisse

336 3188 540 3268 Plutarchus,
559 3191 615 3277 qui
638 3192 822 3256 inscribitur
840 3189 1151 3275 Archigrammaton,
1173 3202 1205 3253 et
1226 3212 1290 3253 ma·

335 3290 504 3375 gistratum
521 3314 586 3357 suae
603 3292 700 3371 urbis,
712 3292 752 3356 ad
764 3291 950 3379 patientiam
966 3303 998 3356 et
1007 3291 1144 3377 justitiae
1155 3290 1290 3371 cultum,

335 3393 441 3456 verbis
465 3394 639 3458 instituisse
670 3394 789 3458 dicitur
814 3406 846 3457 et
875 3392 1038 3479 exemplis.
1089 3394 1154 3458 Hic
1183 3406 1290 3458 autem

336 3516 461 3557 servum
488 3495 638 3576 habebat,
660 3496 817 3559 homiuem
845 3518 983 3582 nequam
1006 3509 1038 3560 et
1060 3509 1288 3574 contumacem,

335 3608 367 3660 et
390 3595 574 3660 liberalibus
597 3596 771 3683 disciplinis
797 3597 959 3662 eruditum
986 3598 1125 3682 egregie,
1147 3610 1179 3662 et
1201 3620 1290 3661 exer·

335 3697 466 3764 citatum
483 3698 559 3763 satis
577 3698 609 3762 in
631 3698 903 3786 disputationibus
923 3698 1161 3785 philosophicis.
1206 3702 1289 3766 Con-

336 3800 409 3885 tigit
430 3815 465 3866 ut
486 3801 528 3865 ob
549 3800 653 3865 nescio
674 3824 771 3886 quam
793 3823 921 3878 noxam,
940 3801 968 3864 ei
989 3804 1128 3865 tunicam
1151 3801 1288 3875 detrahi,

333 3902 478 3988 caedique
488 3903 618 3989 juberet
636 3902 840 3968 Plutarchus.
872 3903 960 3967 Loro
973 3917 1112 3989 coeperat
1129 3901 1288 3967 verberari

334 4000 526 4079 duriuscule,
541 4026 644 4086 quum
667 4015 773 4068 tamen
794 4003 991 4067 inficiaretur
1012 4004 1152 4090 culpam,
1166 4005 1284 4078 dicens,

335 4122 367 4163 se
386 4100 466 4164 nihil
486 4100 585 4186 egisse
608 4101 695 4179 mali,
711 4102 788 4164 nihil
813 4101 937 4165 sceleris
959 4103 1133 4181 admisisse,
1148 4118 1180 4168 et
1196 4103 1282 4167 oblo-

336 4201 493 4283 quebatur
508 4226 540 4266 se
556 4202 666 4267 multis
680 4202 874 4268 demeruisse
888 4203 1049 4288 obsequiis
1061 4216 1098 4268 ut
1109 4205 1285 4289 vapularet.

337 4304 500 4367 Postremo
524 4327 626 4389 quum
647 4327 711 4371 non
734 4306 914 4391 proficeret,
938 4303 1101 4368 vociferari
1124 4307 1231 4390 coepit,
1255 4319 1286 4370 et
