3384 5234
475 702 539 760 280
737 715 872 759 scaurus
889 713 1168 759 saassaunrenus
1299 696 1382 771 [ura.
1401 714 1433 758 v.

442 897 445 902 ·
476 865 628 949 pluviam,
659 881 690 931 et
711 889 745 928 os
776 887 869 928 suum
901 864 1084 947 aperiebant
1106 864 1197 949 quasi
1225 864 1264 927 ad
1295 865 1432 929 imbrem

477 966 661 1030 serotinum.
700 965 733 1029 Si
746 964 875 1052 quando
886 963 1026 1028 ridebam
1044 963 1085 1027 ad
1097 986 1161 1037 eos,
1173 987 1234 1028 nou
1247 965 1434 1045 credebaut,

477 1081 509 1132 et
531 1068 589 1131 lux
613 1067 722 1132 vultus
746 1068 806 1131 mei
826 1089 889 1129 non
911 1065 1045 1129 cadebat
1066 1065 1241 1129 interram.
1289 1066 1322 1130 Si
1339 1067 1434 1131 volu-

476 1168 567 1233 issem
584 1169 630 1232 ire
645 1168 684 1232 ad
702 1192 766 1244 eos,
777 1167 923 1231 sedebam
938 1166 1070 1252 primus.
1103 1167 1276 1253 Quumque
1288 1168 1432 1231 sederem

476 1272 565 1356 quasi
592 1294 648 1335 rex
675 1270 817 1335 exercitu
845 1268 1080 1348 circumstante,
1106 1291 1191 1332 eram
1218 1281 1323 1333 tamen
1354 1292 1433 1333 moe-

477 1374 614 1438 rentium
635 1374 823 1437 consolator.
869 1373 953 1435 Ecce
974 1371 1128 1456 regnandi
1149 1372 1267 1435 inviro
1284 1374 1375 1458 justo
1389 1396 1431 1436 ex

477 1500 591 1562 magna
602 1490 691 1562 parte
701 1497 850 1561 expressa
858 1486 905 1537 est
915 1474 1063 1549 formula,
1079 1497 1175 1561 quam
1193 1474 1218 1537 si
1234 1497 1291 1560 per
1307 1474 1434 1558 singula

476 1581 593 1663 exequi
619 1577 826 1656 voluerimus,
850 1576 967 1661 integri
992 1576 1068 1641 libri
1094 1576 1358 1661 magnitudinem,
1383 1580 1433 1641 in·

477 1694 632 1745 serrarum
658 1680 811 1744 virtutum
835 1678 930 1741 series
956 1677 1007 1741 vel
1033 1677 1099 1742 sola
1122 1677 1303 1762 complebit.
1350 1678 1434 1743 Dili-

476 1806 555 1866 gens
577 1782 675 1847 lector
698 1779 824 1866 singula
846 1780 943 1844 verba
961 1779 1123 1854 discutiet,
1143 1780 1218 1865 quia
1237 1783 1269 1844 in
1292 1779 1342 1843 his
1363 1804 1434 1844 om-

476 1886 583 1965 nibus,
605 1908 662 1948 nec
684 1885 761 1960 iota,
785 1907 841 1947 nec
868 1905 949 1969 apex
973 1906 992 1945 a
1015 1883 1166 1968 mysterio
1192 1882 1303 1948 salutis
1329 1895 1433 1947 vacat.

478 1987 585 2050 Pauca
597 1997 700 2049 tamen
712 2005 786 2070 quae
797 1985 830 2048 iu
844 1984 912 2070 ipsa
923 1984 1088 2070 superficie
1098 1984 1266 2048 verborum
1280 1984 1434 2065 eminent,

477 2101 600 2172 quanta
622 2099 732 2170 potero
755 2087 911 2150 brevitate
940 2088 1164 2171 perstringam.
1208 2085 1356 2162 Quando,
1383 2087 1435 2150 iu·

477 2187 559 2274 quit,
576 2186 720 2250 lavabam
735 2186 834 2271 pedes
854 2210 940 2250 meos
962 2187 1092 2272 butyro,
1108 2200 1140 2252 et
1160 2201 1252 2273 petra
1272 2188 1432 2255 fundebat

475 2289 552 2353 mihi
568 2290 653 2354 rivos
666 2288 739 2370 olei,
753 2312 855 2374 quum
871 2290 902 2352 in
919 2301 1030 2375 parata
1045 2290 1196 2354 cathedra
1211 2289 1380 2357 residerem
1396 2292 1431 2356 iu

475 2391 593 2477 platea,
605 2392 1029 2477 abscondebanturjuvencs‚
1041 2406 1073 2456 et
1085 2393 1164 2458 mihi
1179 2414 1267 2457 senes
1273 2393 1434 2459 astabant.

479 2492 588 2557 lnuuit
607 2515 683 2577 ergo
697 2491 773 2578 quia
791 2515 894 2556 rerum
912 2492 1086 2573 affluentia,
1101 2493 1340 2580 gratiarumque
1355 2518 1432 2559 con·

475 2618 599 2669 cursus,
614 2594 642 2657 ei
659 2593 860 2680 prudentiam
881 2616 942 2656 non
957 2593 1162 2671 excusserint,
1177 2593 1231 2657 sed
1247 2596 1277 2658 in
1299 2593 1348 2660 his
1363 2618 1433 2660 om-

477 2697 572 2760 nibus
594 2720 634 2760 ex
649 2695 850 2773 conscientia,
870 2707 901 2760 et
924 2695 1104 2759 testimonio
1126 2695 1281 2759 bonorum
1297 2719 1431 2783 operum

476 2798 648 2863 auctoritas
665 2798 851 2862 inconcussa
865 2798 1047 2884 permansit.
1093 2798 1332 2883 Egrediebatur
1347 2800 1431 2865 enim

475 2901 514 2966 ad
531 2914 655 2987 portam
669 2901 725 2987 qui
738 2900 868 2964 latebris
883 2922 944 2962 non
960 2900 1085 2983 egebat,
1097 2912 1129 2965 et
1145 2902 1200 2986 qui
1213 2900 1347 2965 docendi
1360 2925 1434 2987 pro-

476 3016 634 3068 meruerat
650 3003 766 3079 sedem,
783 3025 893 3066 senum
917 3001 1118 3087 prudentiam
1135 3003 1288 3087 erigebat,
1302 3002 1433 3070 levitate

471 3104 605 3189 juvenili
642 3104 836 3170 abscondita.
884 3104 1058 3167 Cessabant
1089 3102 1177 3189 loqui
1206 3104 1376 3191 principes,
1399 3121 1433 3171 et

475 3208 584 3289 lingua
599 3206 717 3272 ducum
732 3204 861 3289 gutturi
876 3203 1072 3278 adhaerebat,
1090 3226 1152 3268 non
1165 3204 1321 3270 audentes
1335 3227 1433 3291 gran·

476 3305 529 3370 dia
551 3292 649 3392 loqui,
673 3317 704 3369 ct
734 3306 897 3391 imponere
927 3304 958 3367 in
983 3305 1124 3368 humeris
1146 3304 1309 3370 hominum
1333 3329 1432 3372 onera

476 3408 700 3494 importabilia,
718 3430 792 3492 quae
807 3430 864 3471 nec
887 3406 1053 3492 superficie
1067 3406 1162 3493 digiti
1179 3406 1267 3493 tangi
1285 3424 1429 3493 possunt.

477 3510 621 3575 Docebat
637 3510 717 3574 euim
737 3532 860 3573 omnem
883 3509 1011 3575 virtutis
1026 3509 1152 3574 laudem
1171 3510 1204 3574 in
1220 3511 1343 3575 actione
1357 3535 1433 3577 con-

477 3612 792 3697 sistere,cassumque
801 3635 868 3675 esse
875 3610 1072 3697 splendorem
1084 3612 1311 3687 verbi-,cuinon
1322 3613 1433 3679 subest

478 3710 619 3776 soliditas
634 3713 748 3798 operis.
795 3715 832 3776 In
850 3713 934 3775 omni
950 3736 1057 3799 opere,
1071 3712 1175 3799 inquit
1195 3713 1352 3787 Salomon,
1368 3715 1431 3781 erit

477 3812 684 3892 abundantia,
708 3813 762 3875 ubi
786 3826 893 3876 autem
917 3814 1015 3877 verba
1037 3830 1111 3879 sunt
1133 3816 1281 3902 plurima,
1302 3814 1347 3879 ibi
1366 3815 1432 3880 fre-

477 3927 612 4001 quenter
641 3925 772 3996 egestas.
823 3914 1009 4000 Principum
1042 3938 1114 3980 vero
1143 3931 1175 3982 et
1204 3918 1340 3982 divitum
1370 3933 1431 3996 est,

477 4015 555 4081 alios
570 4016 602 4079 in
618 4018 671 4080 via
686 4037 808 4078 morum
825 4015 1015 4101 praecedere,
1025 4039 1086 4080 non
1099 4043 1173 4104 quae
1189 4019 1432 4099 faciendasunt,

477 4118 546 4184 aliis
561 4117 683 4183 tumide
698 4116 852 4184 intonare.
877 4120 977 4184 Auris
991 4120 1134 4199 audiens,
1150 4136 1181 4185 et
1197 4127 1309 4187 oculus
1320 4121 1433 4189 videns

478 4224 678 4289 beatificabat
717 4246 775 4288 me.
841 4224 1060 4289 Instrumenta
1094 4226 1235 4310 corporis
1271 4224 1432 4310 eleganter

477 4327 644 4413 expressit,
668 4326 787 4411 quibus
803 4349 914 4392 sensus
937 4326 1048 4390 animae
1073 4326 1209 4389 maxime
1231 4326 1433 4393 convalescit.
