3384 5234
367 712 478 793 creon]
723 727 976 784 nonrcnlmcns.
1282 730 1320 788 13

368 905 545 962 ascensum,
569 897 663 969 prout
685 911 868 973 quenquam
895 890 1059 970 monuisti,
1080 913 1146 955 non
1170 894 1322 958 ascendo.

367 987 472 1058 Quare
482 988 656 1070 majoribus
668 1012 796 1054 menon
808 992 916 1074 ingero
928 993 1037 1070 curiis,
1047 1014 1144 1078 quum
1157 996 1214 1057 tibi
1227 997 1323 1060 etiam

366 1088 517 1150 Isocratis
546 1110 756 1172 responsurus
782 1113 852 1154 sum
878 1095 992 1156 verbo:
1028 1095 1083 1177 qui
1110 1095 1323 1177 interrogatus

366 1190 406 1250 ab
418 1189 540 1265 amicis,
552 1212 649 1274 quare
660 1213 724 1253 non
742 1192 774 1254 in
791 1192 969 1257 forensibus
982 1192 1126 1278 negociis
1137 1208 1324 1276 versaretur,

367 1291 552 1372 respondit3
579 1293 660 1363 Quae
683 1294 775 1356 locus
797 1294 851 1357 bic
875 1296 980 1375 callet,
1004 1318 1063 1379 ego
1091 1299 1222 1376 nescio;
1249 1321 1322 1383 quae

369 1415 428 1475 ego
453 1396 564 1470 calleo,
588 1396 679 1457 locus
703 1395 755 1458 hic
782 1398 897 1460 nescit.
943 1399 1016 1480 Ego
1038 1399 1122 1461 enim
1149 1409 1322 1465 contemno

369 1518 441 1578 qnae
463 1496 511 1557 illi
533 1496 629 1558 aulici
650 1496 805 1573 ambiunt,
820 1509 853 1561 et
868 1521 940 1581 quae
963 1521 1025 1580 ego
1048 1501 1154 1563 ambio
1176 1502 1223 1563 illi
1246 1522 1321 1565 con·

369 1606 524 1659 temnunt.
578 1598 692 1661 Mirare
723 1600 826 1680 magis
864 1622 961 1684 quare
992 1622 1058 1663 non
1088 1601 1240 1683 praecido,
1269 1615 1324 1667 aut

368 1718 482 1780 rumpo
503 1698 621 1776 sunem,
644 1699 670 1761 si
692 1701 770 1763 alias
797 1701 876 1762 solvi
897 1722 962 1763 non
991 1713 1108 1784 potest,
1132 1701 1186 1786 qui
1214 1723 1265 1765 me
1288 1703 1322 1766 in

282 1807 285 1812 “
369 1800 542 1863 curialibus
556 1803 649 1885 nugis
671 1802 791 1866 tamdiu
815 1804 926 1882 tenuit,
942 1814 974 1867 et
995 1813 1083 1867 tenet
1103 1804 1208 1869 adbuc
1224 1813 1321 1870 tantae

369 1902 545 1965 obnoxium
568 1905 720 1968 servituti.
764 1906 837 1968 Jam
854 1905 941 1968 enim
961 1905 1054 1969 annis
1069 1906 1135 1969 sere
1151 1906 1322 1971 duodecim

368 2013 523 2086 nugatum
538 2028 606 2071 esse
622 2005 731 2085 taedet,
745 2016 776 2070 et
792 2008 928 2089 poenitet
948 2029 999 2070 me
1014 2009 1109 2090 longe
1125 2008 1216 2071 aliter
1230 2009 1320 2072 insti·

309 2110 314 2122 '
370 2113 482 2179 tutum,
499 2117 531 2170 et
545 2110 634 2192 quasi
651 2109 830 2171 sacratioris
846 2109 1058 2193 philosophiae
1074 2112 1226 2173 lactatum
1244 2110 1323 2173 ube·

367 2207 465 2282 ribus,
488 2209 748 2293 ablactatumque
778 2208 929 2271 decuerat
954 2207 995 2272 ad
1025 2209 1321 2293 philosophantium

367 2309 516 2372 transisse
539 2321 781 2394 ennumquam
805 2308 845 2373 ad
869 2310 1007 2391 collegia
1029 2322 1231 2391 nugatorum.
1276 2312 1321 2373 Et

369 2421 409 2471 te·
425 2411 554 2493 quidem
578 2411 679 2473 sentio
703 2412 735 2473 in
760 2411 872 2474 eadem
900 2410 1084 2475 conditione
1108 2413 1237 2487 versari,
1258 2412 1321 2475 nisi

370 2511 444 2594 quia
465 2513 581 2575 rectior
595 2523 628 2576 et
642 2511 839 2595 prudentior,
856 2513 883 2575 si
899 2514 977 2576 facis
993 2512 1080 2596 quod
1095 2512 1241 2595 expedit,
1257 2523 1323 2577 stas

370 2634 493 2696 semper
515 2616 666 2677 immotus
688 2615 722 2676 in
746 2614 858 2677 solidae
878 2614 1001 2677 virtutis
1023 2614 1239 2691 fundamento,
1261 2635 1321 2679 nec

370 2713 497 2794 agitaris
524 2713 699 2777 arundinea
724 2715 864 2792 levitate,
887 2736 947 2777 nec
979 2713 1157 2777 delitiarum
1189 2714 1321 2777 sectaris

371 2815 489 2891 mollia,
502 2815 559 2877 sed
575 2815 648 2897 ipsi,
658 2837 728 2898 quae
740 2815 861 2878 mundo
875 2816 1023 2898 imperat,
1032 2816 1170 2898 imperas
1181 2813 1322 2877 vanitati.

371 2916 468 2979 Unde
480 2938 575 3001 quum
583 2917 961 3001 tibidiversaeprorinciae
969 2917 1130 2998 congestis
1139 2916 1321 2978 meritarum

370 3016 498 3079 laudum
514 3019 695 3101 praeconiis,
710 3020 802 3102 quasi
816 3041 924 3082 arcum
941 3019 1065 3099 erigant
1079 3015 1321 3097 triumphalem:

370 3137 430 3197 ego
440 3117 485 3179 vir
495 3118 640 3199 plebeius
654 3118 806 3181 stridente
816 3118 925 3180 fistula
940 3115 1055 3178 inculti
1064 3114 1194 3196 eloquii,
1204 3114 1321 3177 librum

368 3219 456 3282 hunc
486 3218 527 3281 ad
557 3219 708 3282 honorem
739 3231 839 3297 tuum,
867 3220 952 3281 velut
977 3216 1123 3299 lapillum
1148 3216 1183 3277 in
1207 3236 1322 3279 acervo

368 3320 602 3401 praeconiorum
620 3332 745 3384 tuorum
762 3321 906 3405 conjeci3
930 3319 1035 3382 sciens
1052 3318 1128 3402 quia
1151 3317 1233 3380 sicut
1255 3338 1321 3380 non

369 3420 476 3500 habet,
494 3421 581 3484 uude
604 3424 730 3505 placeat
752 3445 794 3486 ex
817 3432 996 3500 venustate,
1015 3422 1062 3484 sic
1085 3443 1127 3484 ex
1141 3420 1323 3484 devotione

370 3526 537 3589 scribentis
560 3547 625 3589 non
647 3526 766 3609 poterit
788 3526 968 3609 displicere.
1015 3525 1127 3606 Nugas
1149 3545 1207 3607 pro
1229 3533 1320 3607 parte

370 3628 512 3690 continet
527 3628 674 3706 curiales,
688 3637 721 3689 et
735 3628 786 3689 his
805 3628 908 3708 magis
922 3627 1042 3689 insistit
1057 3627 1176 3707 quibus
1192 3638 1321 3707 urgetur

369 3728 480 3807 magis.
524 3728 588 3789 Pro
610 3736 701 3810 parte
724 3739 828 3791 autem
845 3740 987 3791 versatur
1001 3727 1034 3788 irr
1050 3726 1192 3809 vestigiis
1216 3726 1322 3809 philo·

370 3830 564 3912 sophorum
598 3827 677 3911 quid
699 3830 733 3891 in
756 3828 889 3910 singulis
911 3826 1097 3909 fugiendum
1120 3826 1173 3901 sit,
1194 3834 1251 3889 aut
1273 3848 1322 3889 se·

371 3929 544 4011 quendum,
560 3929 744 4013 relinquens
762 3929 893 3992 arbitrio
916 3928 1081 4011 sapientis·
1126 3928 1172 3989 Et
1191 3927 1266 4010 quia
1281 3948 1322 3991 ne

369 4029 489 4093 laedant
524 4029 674 4113 aliquem,
703 4051 777 4093 eum
812 4028 953 4113 oportuit
987 4027 1161 4103 conveniri,
1189 4026 1223 4088 in
1259 4049 1323 4111 quo

370 4130 452 4194 nihil
477 4130 680 4213 nugatorium
709 4130 812 4214 possit
837 4130 944 4211 argui:
984 4137 1015 4191 te
1040 4128 1174 4189 virorum
1206 4140 1323 4192 nostrae

373 4233 474 4295 aetatis
511 4232 783 4314 elegantissimum
813 4231 942 4294 decrevi
978 4230 1159 4307 convenire,
1189 4239 1221 4293 et
1251 4252 1324 4313 quae

373 4333 519 4397 ridentur
535 4334 567 4395 in
589 4334 652 4421 mei
675 4333 832 4397 similibus
853 4331 1014 4414 arguenda
1035 4330 1223 4395 describere.
1269 4330 1323 4415 §ic
