3384 5234
380 699 422 757 6·2
629 708 768 754 scaurus
783 707 1063 753 saussaurususrs
1196 689 1276 769 [tra.
1294 710 1331 753 11.

379 860 474 925 fidem
490 869 521 923 et
538 859 680 923 fructum
696 881 824 923 evacuo.
865 856 1045 922 Multifarie
1068 857 1235 944 siquidem,
1250 860 1334 923 mul-

376 961 483 1046 tisque
497 959 599 1024 modis
621 980 712 1024 suam
728 963 819 1024 Deus
839 959 970 1023 instruit
991 971 1180 1037 creaturam,
1194 972 1226 1024 et
1247 982 1332 1023 nunc

376 1061 606 1126 elementorum
631 1060 774 1137 vocibus,
797 1082 884 1125 nunc
905 1059 1099 1124 sensibilium
1121 1072 1178 1125 aut
1200 1061 1331 1125 insensi-

375 1161 488 1226 bilium
504 1181 608 1226 rerum
625 1161 762 1239 indiciis,
777 1172 875 1249 prout
897 1160 1005 1226 electis
1020 1164 1145 1227 noverit
1167 1160 1330 1247 expedire,

374 1286 449 1350 quae
471 1275 604 1329 ventura
627 1277 702 1329 sunt
724 1262 914 1329 manifestat.
961 1265 1102 1330 Futuras
1123 1265 1233 1352 itaque
1251 1275 1330 1328 tem-

374 1378 524 1453 pestates,
544 1379 601 1432 aut
624 1367 816 1442 serenitates,
834 1367 924 1452 signa
945 1366 1092 1454 quaedam
1113 1366 1332 1455 antecedentia

374 1469 628 1556 praeloquuntur,
646 1482 682 1533 ut
702 1470 799 1535 homo
815 1470 872 1556 qui
888 1469 929 1533 ad
951 1468 1090 1533 laborem
1106 1479 1274 1545 natusest,
1290 1491 1328 1532 ex

375 1572 425 1636 his
449 1571 550 1659 possit
575 1593 633 1636 sua
656 1571 808 1637 exercitia
834 1584 1020 1656 temperare.
1058 1572 1146 1635 Hinc
1170 1570 1330 1655 agricolae,

374 1673 449 1739 hinc
459 1687 567 1740 nautae
578 1673 789 1738 familiaribus
800 1674 992 1759 quibusdam
1005 1673 1239 1758 experimentis,
1250 1674 1329 1758 quid

376 1798 441 1862 quo
455 1790 597 1863 tempore
618 1774 684 1859 geri
699 1786 844 1859 oporteat
865 1773 1032 1855 colligunt,
1048 1776 1234 1861 qualitatem
1250 1787 1329 1839 tem-

374 1878 461 1962 poris
475 1878 575 1943 futuri
592 1901 633 1942 ex
654 1900 691 1940 eo
707 1872 795 1961 quod
818 1874 970 1961 praeteriit
989 1873 1164 1941 metientes.
1210 1881 1247 1942 ln
1264 1900 1330 1962 qua

374 2000 408 2040 re
437 2001 494 2041 nec
523 2001 607 2057 aves,
635 1978 675 2040 de
708 1977 829 2064 quibus
859 2000 961 2040 sermo
992 1978 1164 2063 praecessit,
1189 1979 1329 2063 parentis

374 2090 498 2143 naturae
518 2078 670 2143 beneficio
684 2078 822 2143 arbitror
845 2078 1025 2143 destitutas.
1063 2082 1207 2162 Mergus,
1223 2079 1328 2165 alcyo-

373 2178 1189 2264 pes,cygnus,arcananaturaefrequenteraperiunt.
1218 2179 1326 2255 Quum

373 2279 488 2344 etenim
505 2281 588 2344 circa
603 2281 741 2344 medium
758 2280 894 2365 hyemis,
905 2280 1052 2365 alcyones
1065 2279 1237 2354 nidificare,
1252 2303 1328 2344 ova-

372 2402 437 2466 que
451 2381 558 2445 forere
573 2379 783 2467 conspexeris,
800 2382 840 2445 de
862 2382 971 2444 decern
987 2391 1018 2444 et
1034 2380 1177 2466 quinque
1200 2382 1324 2445 dierum

372 2483 551 2567 gratissima
567 2483 736 2548 serenitate
752 2505 790 2546 ne
806 2482 945 2563 dubites,
960 2504 1079 2568 eosque
1102 2494 1209 2547 nautae
1224 2482 1325 2547 solent

372 2584 559 2670 diligentius
589 2584 767 2664 observare,
797 2583 1012 2669 dicunturque
1048 2583 1117 2647 dies
1146 2584 1325 2669 alcyonitae,

372 2688 491 2774 quibus
512 2688 565 2752 vix
587 2686 635 2752 vel
658 2686 763 2752 tenuis
784 2686 881 2751 flatus
903 2709 982 2751 aura
1004 2686 1150 2751 sentitur.
1190 2691 1261 2752 Hos
1283 2687 1325 2751 ad

370 2790 619 2876 procreationem
646 2788 808 2875 pullorum
831 2810 972 2867 suorum,
994 2788 1054 2852 sibi
1080 2800 1230 2853 enatura
1253 2811 1325 2852 con-

370 2912 482 2968 cessos,
495 2889 709 2955 verisimiliter
723 2888 913 2975 opinaberis.
937 2891 1045 2967 Quum
1058 2911 1133 2952 vero
1146 2888 1323 2954 fluvialium

371 2990 476 3057 arium
507 3013 639 3078 corpora
668 2992 700 3055 in
731 2992 823 3077 aquis
853 2991 978 3055 avidius
1012 2990 1111 3075 mergi
1141 2991 1323 3077 conspicies,

370 3094 487 3159 imbres
509 3108 651 3180 expecta.
697 3098 805 3169 Quum
829 3094 996 3159 clamorem
1021 3093 1164 3160 Cornicis
1187 3093 1324 3158 audieris

371 3201 576 3276 matutinum,
592 3196 733 3283 pluviam
750 3196 841 3279 petit.

475 3305 556 3356 Haud
567 3304 625 3355 ideo
638 3303 722 3365 credo,
734 3304 795 3369 quia
806 3304 840 3353 sit
852 3303 963 3355 divinius
974 3302 1026 3354 illis

474 3389 624 3455 Ingenium,
636 3392 682 3438 aut
693 3402 777 3437 rerum
789 3384 843 3437 fato
855 3386 991 3456 prudentia
1000 3388 1091 3457 major,

370 3482 424 3545 sed
440 3481 516 3564 quia
531 3491 690 3542 morantes
701 3477 732 3540 in
749 3500 820 3541 aere
836 3492 941 3543 motus
952 3479 1039 3544 illius
1054 3480 1149 3546 citius
1163 3483 1196 3547 in
1213 3482 1322 3569 seipsis

368 3582 518 3658 sentiunt,
530 3594 562 3644 et
577 3579 651 3643 inde
662 3577 852 3644 hilaritatem
865 3581 1060 3667 concipiunt,
1071 3596 1128 3648 aut
1142 3604 1320 3649 moerorem.

370 3683 438 3746 Nec
454 3682 581 3755 mirum,
600 3704 698 3766 quum
715 3694 745 3746 et
767 3683 913 3766 graviora
928 3685 1110 3750 animalium
1126 3708 1258 3769 corpora
1279 3686 1320 3748 ad

368 3783 560 3849 exteriorum
596 3796 702 3847 motus
737 3783 994 3869 frequentissime
1029 3787 1252 3873 disponantur,
1288 3802 1319 3851 et

367 3908 484 3951 arcano
516 3885 654 3971 quodam
685 3897 809 3949 naturae
839 3886 982 3962 consilio,
1012 3900 1124 3974 gerant
1157 3886 1320 3950 elementis

367 3987 576 4052 necessarium
600 4008 727 4051 morem.
768 3985 852 4061 Quae
872 3988 954 4052 enim
977 3988 1160 4053 animalium
1180 3986 1319 4072 corpori-

366 4090 429 4153 bus
450 4089 534 4154 bona
549 4087 600 4152 rel
614 4088 696 4152 mala
719 4088 915 4170 immineant,
928 4089 954 4154 si
976 4114 1008 4154 se
1029 4087 1246 4175 temporaliter
1268 4089 1319 4152 vel

365 4189 623 4276 extemporaliter
644 4188 841 4256 reddiderint
866 4204 1019 4277 tempora,
1040 4212 1090 4254 ars
1112 4189 1316 4275 physicorum

366 4293 486 4379 regulis
495 4292 560 4359 suis
573 4291 650 4356 satis
661 4290 869 4377 probabiliter
880 4292 1128 4378 comprehendit.
1157 4294 1316 4359 Futurum
