3384 5234
424 682 487 741 206
685 694 822 739 Joaurus
838 694 1116 740 sanusnumnnsrs
1230 678 1310 757 [nm.
1327 693 1379 743 nr.

423 856 456 911 et
471 846 594 920 mulier,
612 846 667 909 sed
685 868 747 909 una
762 869 844 911 car0.
878 848 960 910 Haec
978 848 1087 933 utique
1103 849 1171 911 sine
1188 849 1298 912 dolore
1314 871 1379 913 non

424 947 587 1020 scinditur,
604 968 707 1030 neque
724 948 791 1009 sine
807 947 929 1010 invidia
944 949 1205 1013 communicatur.

531 1053 593 1106 Non
604 1053 671 1106 bene
683 1071 740 1106 cnm
752 1054 827 1106 sociis
839 1072 922 1121 regna
934 1054 1077 1123 Venusque
1089 1060 1211 1108 manent:

425 1162 458 1215 et
472 1152 555 1216 sicut
569 1154 691 1215 “nulla
705 1152 786 1215 fides
801 1153 891 1233 regni
907 1150 1032 1231 sociis,''
1047 1154 1091 1216 ita
1106 1175 1166 1216 nec
1182 1154 1253 1217 tori.
1284 1154 1379 1219 Certe

426 1254 552 1317 facilius
567 1266 625 1332 est,
640 1256 730 1336 regni
747 1254 885 1329 divitica,
902 1275 997 1338 quam
1019 1254 1221 1318 affectionem
1238 1256 1379 1340 conjugii

427 1356 480 1419 alii
497 1356 619 1419 cedere.
664 1357 707 1419 At
722 1356 777 1439 qui
792 1375 852 1417 nec
874 1355 926 1417 isti
946 1354 1102 1438 conjuges
1118 1367 1203 1432 sunt,
1219 1354 1276 1417 sed
1289 1357 1379 1418 leno·

424 1479 495 1521 nes.
528 1459 622 1522 Tunc
639 1458 766 1521 demum
784 1458 892 1520 omnia
908 1455 1081 1520 creduntur
1096 1458 1284 1539 exposuisse
1300 1457 1379 1520 divi·

426 1559 523 1637 tibus,
535 1582 633 1643 quum
649 1559 724 1622 fidei
742 1558 838 1622 fidem
854 1560 951 1622 saciat
965 1558 1046 1621 fides
1058 1560 1183 1622 violata.
1220 1560 1287 1624 sed
1302 1559 1380 1644 quid

427 1659 508 1725 filias
534 1673 566 1725 et
588 1682 705 1725 uxores
732 1660 833 1746 (quod
856 1661 933 1725 licet
951 1660 1026 1744 jura
1055 1662 1260 1745 prohibeant,
1275 1673 1382 1725 tamen

244 1821 248 1828 ,
273 1821 280 1830 .
427 1784 620 1848 quocunque
636 1764 731 1827 modo
747 1774 858 1827 natura
873 1764 1037 1846 permittit)
1055 1764 1178 1847 exponi
1193 1786 1317 1848 queror,
1326 1775 1381 1828 aut

425 1867 597 1950 prostitui?
636 1869 676 1929 In
705 1867 809 1949 ipsam
836 1876 991 1944 naturam,
1022 1868 1114 1951 quasi
1142 1867 1288 1950 gigantes
1314 1866 1381 1946 alii,

427 1968 679 2032 Theomachiam
701 1990 817 2031 noram
839 1979 1037 2047 exercentes,
1056 1970 1236 2050 insurgunt.
1281 1970 1381 2032 Filios

427 2072 564 2134 offerunt
589 2072 716 2149 Veneri,
739 2071 933 2155 eosdemque
958 2072 992 2135 in
1018 2072 1179 2135 oblatione
1199 2092 1380 2155 pupparum

427 2172 566 2251 virgines
592 2172 703 2253 praeire
728 2174 935 2255 compellunt.
981 2175 1020 2236 ln
1046 2174 1110 2236 illis
1132 2173 1249 2236 etenim
1275 2173 1380 2236 aetatis

427 2271 591 2335 maturitas
612 2281 815 2355 expectatum
838 2283 870 2335 at
889 2273 921 2335 in
938 2274 988 2336 his
1004 2272 1122 2335 sufficit
1139 2272 1253 2335 alienae
1273 2271 1378 2355 impu-

428 2373 547 2436 dicitiae
559 2374 753 2456 voluptatem
768 2395 863 2457 posse
879 2375 1012 2458 expleri.
1043 2372 1148 2437 Pudet
1164 2373 1280 2451 dicere,
1290 2373 1378 2459 quod

428 2475 551 2557 seipsos
574 2476 630 2537 viri
651 2486 743 2540 aetate
765 2477 979 2559 provectiores
1007 2485 1039 2540 et
1060 2496 1166 2554 sensu,
1187 2475 1379 2558 turpitudini

427 2586 524 2640 tantae
544 2597 610 2638 non
632 2577 832 2654 subtrahunt,
848 2585 880 2639 et
895 2597 995 2659 quum
1011 2597 1066 2639 eos
1080 2576 1115 2639 in
1131 2575 1280 2640 nobiliori
1295 2596 1380 2638 sexu

427 2687 539 2741 natura
548 2678 710 2757 creaverit,
720 2678 761 2740 ad
771 2677 956 2741 deteriorem
968 2688 1121 2761 quantum
1133 2678 1167 2741 in
1176 2676 1256 2762 ipsis
1267 2686 1326 2755 est,
1337 2698 1380 2740 ex

425 2779 538 2843 innata
551 2780 671 2841 malitia
691 2776 911 2862 prolabuntur,
926 2777 1099 2840 effeminati
1115 2777 1191 2841 vitio
1206 2785 1238 2840 et
1253 2797 1381 2860 corrup-

428 2882 491 2944 tela
512 2902 647 2954 morum,
664 2901 763 2962 quum
785 2891 891 2943 tamen
914 2887 1036 2941 naturae
1057 2878 1229 2953 beneficio,
1252 2878 1380 2942 feminae

427 3004 498 3047 esse
524 3004 589 3047 non
616 2983 750 3065 possint.
796 2983 903 3055 Quum
929 2981 1126 3044 lascivientis
1151 2980 1260 3044 divitis
1284 2982 1381 3044 luxus

427 3083 555 3148 libidini
571 3096 645 3148 vota
667 3104 723 3147 sua
745 3083 926 3167 praecingit,
942 3082 1157 3145 recumbentis
1178 3081 1279 3165 pedes
1297 3083 1380 3145 cala-

426 3187 585 3250 mistratus
608 3187 787 3250 comatulus
809 3185 942 3267 excipit,
958 3184 1092 3246 nitorem
1113 3183 1261 3246 invidens
1281 3204 1381 3246 mere·

427 3288 510 3366 trici,
523 3288 669 3350 histrioni
693 3286 850 3361 habitum,
866 3287 988 3349 cultum
1009 3284 1127 3367 procis,
1142 3285 1318 3366 virginibus
1331 3303 1380 3346 or·

427 3401 548 3466 natum,
562 3389 788 3472 triumphalem
812 3409 941 3471 quoque
964 3386 1166 3470 principibus
1181 3397 1381 3469 apparatum,

428 3503 460 3557 et
483 3493 516 3555 in
544 3492 676 3555 aliorum
701 3498 878 3572 conspectu
904 3489 1015 3573 pedes,
1041 3495 1073 3551 et
1098 3510 1139 3551 ne
1164 3488 1237 3571 plus
1263 3486 1381 3561 dicam,

429 3593 545 3656 teneris
568 3592 714 3654 manibus
738 3590 832 3654 tibias
855 3600 980 3654 tractat.
1025 3589 1271 3653 chirothecatus
1292 3586 1380 3649 enim

427 3693 560 3756 incessit
574 3690 703 3768 diutins
713 3700 750 3755 ut
765 3713 878 3755 manus
893 3692 953 3755 soli
968 3693 1148 3755 subtractas
1164 3688 1322 3753 emolliret
1336 3685 1378 3749 ad

429 3795 533 3859 divitis
548 3815 652 3859 usum.
696 3793 824 3858 Deinde
844 3794 975 3857 licentia
996 3795 1159 3878 paululum
1174 3788 1381 3873 procedente,

428 3906 528 3961 totum
559 3918 675 3980 corpus
701 3895 869 3978 impudico
893 3906 981 3960 tactu
1006 3898 1158 3959 oberrans
1187 3891 1381 3977 pruriginem

428 4001 552 4083 scalpit,
575 4019 671 4082 quam
694 3997 779 4075 fecit,
801 4009 833 4060 et
854 3996 946 4078 ignes
968 3996 1104 4059 Veneris
1125 3993 1310 4074 languentis
1332 3992 1381 4054 in·

427 4100 576 4161 flammat.
622 4100 742 4161 Verum
768 4098 837 4160 haec
864 4098 1070 4176 abominatio,
1092 4118 1156 4159 non
1183 4105 1248 4158 tam
1274 4101 1381 4156 osten-

428 4197 534 4261 denda
549 4213 597 4260 est
619 4220 713 4281 quam
738 4198 958 4281 conspuenda,
974 4199 1171 4282 puderetque
1193 4216 1266 4260 eam
1286 4192 1383 4275 nugis

428 4297 543 4361 uostris
558 4320 628 4362 esse
644 4300 802 4377 insertam,
813 4299 876 4362 nisi
887 4300 1019 4363 eandem
1031 4300 1214 4384 Apostolus
1224 4294 1381 4359 Romanis
