3384 5234
199 700 202 705 ·
315 688 387 733 cnr.
404 673 464 751 1v.]
611 688 916 735 ironicuarrcus.
1212 683 1276 741 227

310 838 387 923 gelii
408 839 468 903 sub
489 838 592 903 carnis
611 838 797 904 infirmitate
813 839 1020 921 vilesceret,a
1043 842 1193 907 scandalo
1212 845 1272 909 Ju-

311 941 464 1017 daeorum,
491 942 697 1027 gentiumque
720 941 868 1018 stultitia,
889 964 986 1028 opera
1010 943 1169 1021 crucifixi,
1196 968 1269 1029 quae

309 1039 404 1104 etiam
417 1041 510 1104 sarnae
522 1041 703 1105 testimonio
715 1040 962 1118 roborabantur,
974 1041 1141 1127 exposuit3
1166 1068 1269 1130 quum

310 1140 397 1227 apud
411 1164 520 1206 omnes
534 1154 705 1218 constaret,
721 1140 808 1227 quod
824 1163 862 1204 ea
877 1164 938 1205 non
954 1157 1061 1228 posset
1076 1144 1190 1225 facere,
1206 1147 1265 1210 nisi

311 1245 414 1306 Deus.
460 1244 523 1306 Sed
545 1243 620 1328 quia
640 1241 742 1305 multa
763 1242 796 1304 in
818 1254 990 1327 utramque
1011 1258 1133 1328 partem
1156 1247 1267 1311 crebro

307 1342 393 1405 fama
412 1344 576 1417 mentitur,
593 1343 693 1428 ipsam
711 1342 847 1427 juvabat
863 1342 993 1420 famam,
1009 1346 1098 1432 quod
1114 1347 1261 1432 discipuli

310 1445 382 1527 ejus
403 1444 523 1528 majora
543 1442 714 1522 faciebant,
735 1442 813 1505 dum
837 1444 877 1505 ad
901 1444 1046 1508 umbram
1069 1446 1267 1533 discipuli,a
1294 1499 1300 1511 .
1361 1526 1364 1533 Ι

311 1565 503 1629 quacunque
518 1543 703 1609 infirmitate
719 1544 912 1609 sanabantur
927 1546 1049 1629 aegroti.
1081 1547 1167 1622 Quid
1184 1550 1266 1613 mul-

313 1645 370 1709 ta?
408 1644 551 1709 Astutias
573 1644 762 1725 Aristotelis,
786 1645 963 1732 Chrysippi
985 1650 1143 1726 acumina,
1165 1650 1265 1713 omni·

314 1766 434 1829 umque
456 1732 720 1829 Philosophorum
743 1744 922 1808 tendiculas
938 1767 1106 1831 resurgens
1120 1763 1267 1814 mortuus

314 1845 512 1911 confutabat.
557 1848 673 1910 Decios
693 1845 791 1909 duces
815 1846 1045 1928 Romanorum,
1065 1872 1098 1912 se
1120 1872 1178 1934 pro
1201 1850 1266 1914 suis

314 1946 507 2012 exercitibus
521 1945 685 2011 devovisse
704 1945 886 2029 percelebre
905 1958 964 2011 est.
1010 1947 1121 2012 Julius
1136 1972 1267 2035 quoque

314 2051 435 2124 Caesar,
448 2051 538 2129 Dux,
549 2044 667 2131 inquit,
679 2044 811 2130 quinon
824 2044 947 2109 laborat
959 2058 996 2109 ut
1008 2046 1163 2112 militibus
1175 2072 1267 2114 carus

312 2150 364 2225 sit,
381 2149 513 2214 militem
528 2148 628 2213 nescit
643 2169 757 2210 amare.
800 2146 908 2210 Nescit
926 2146 1157 2212 humanitatem
1174 2149 1266 2214 ducis

312 2252 345 2314 in
371 2252 513 2315 exercitu
537 2251 691 2315 adversus
717 2249 824 2311 hostes
851 2270 927 2311 csse.
982 2249 1074 2312 Idem
1104 2271 1266 2335 nunquam

314 2353 396 2417 dixit
415 2352 570 2418 militibus
585 2353 637 2415 Ite
662 2350 742 2430 huc;
773 2348 828 2412 scd
843 2351 966 2414 Venite.
1013 2350 1149 2415 Dicebat
1171 2351 1266 2429 enim,

315 2454 392 2540 quia
413 2454 624 2540 participatus
645 2474 717 2516 cum
741 2450 822 2514 duce
845 2447 946 2525 labor,
962 2449 1092 2514 videtur
1112 2452 1268 2519 militibus

315 2558 426 2623 minor.
471 2561 631 2623 Praeterea
650 2553 799 2639 voluptas
819 2552 971 2636 corporis,
991 2551 1101 2615 eodem
1126 2566 1267 2632 auctore,

314 2659 444 2724 vitanda
459 2672 519 2722 est.
563 2657 677 2722 Aiebat
699 2654 830 2718 enimin
847 2652 930 2716 bello
949 2675 1082 2738 corpora
1101 2654 1265 2718 hominum

313 2760 440 2845 gladiis,
467 2760 502 2822 in
537 2780 615 2844 pace
644 2757 867 2843 voluptatibus
896 2754 1064 2821 vulnerari.
1121 2756 1267 2820 Senserat

314 2862 397 2925 euim
420 2860 566 2944 gentium
589 2858 814 2945 triumphator,
839 2856 1036 2943 voluptatem
1060 2855 1150 2921 nullo
1171 2856 1267 2919 mode

314 2976 380 3027 tarn
400 2961 492 3027 facile
515 2961 669 3047 superari,
684 2983 781 3047 quam
804 2960 894 3045 fuga,
909 2982 946 3023 eo
970 2959 1057 3045 quod
1079 2958 1193 3044 ipsum,
1210 2957 1267 3044 qui

313 3076 425 3148 gentes
446 3062 625 3140 domuerat,
647 3061 778 3126 Veneris
806 3061 943 3126 nexibus
964 3060 1129 3125 innodavit
1153 3060 1268 3123 mulier

313 3164 484 3250 impudica.

313 3421 392 3504 Cap.
409 3427 438 3483 4.
465 3420 556 3493 Quod
569 3419 686 3482 diuina
702 3420 781 3501 legia
795 3421 987 3481 auctoritate
1000 3424 1125 3481 mactat
1146 3419 1266 3499 princi-

494 3541 570 3603 pem
585 3522 648 3601 legi
655 3520 801 3599 justitior
813 3540 880 3583 essa
894 3520 1081 3600 eradicatum.

358 3683 427 3746 Suu
443 3679 523 3767 quid
536 3679 577 3742 ad
590 3678 787 3743 emendicata
800 3677 944 3762 gentium
960 3676 1106 3762 exempla
1121 3676 1267 3755 decurro,

314 3805 387 3866 quoe
399 3795 504 3847 tamen
516 3780 656 3867 plurima
667 3793 753 3860 sunt,
764 3801 866 3865 quum
881 3778 999 3844 rectius
1014 3778 1151 3864 quisque
1165 3776 1265 3862 possit

314 3884 354 3948 ad
374 3884 519 3948 facienda
537 3882 675 3968 legibus,
695 3904 793 3965 quam
815 3880 969 3965 exemplis
991 3880 1124 3964 urgeri?
1161 3882 1204 3943 At
1227 3901 1267 3942 ue

315 3984 419 4068 ipsum
443 3981 624 4069 Principem
646 4003 879 4068 usquequaque
901 3979 1040 4045 solutum
1056 3979 1180 4063 legibus
1201 3980 1269 4063 opi-

314 4084 409 4161 neris,
439 4085 517 4151 audi
545 4106 643 4170 quam
670 4083 772 4168 legem
801 4081 946 4167 imponat
978 4078 1181 4164 Principibus
1210 4102 1267 4143 rex

317 4207 451 4267 magnus
466 4207 562 4272 super
583 4206 709 4249 omnem
729 4196 846 4249 terram
868 4180 1029 4259 terribilis,
1044 4192 1075 4243 et
1091 4180 1147 4264 qui
1162 4180 1268 4245 aufert

319 4284 466 4370 spiritum
483 4285 688 4373 Principum:
724 4287 845 4363 Quum,
861 4284 978 4366 inquit,
992 4280 1153 4365 ingressus
1167 4280 1268 4344 fueris

764 4394 820 4453 QQ
