3384 5234
349 728 399 771 ar.
418 711 477 788 ru]
682 726 937 771 ronrcnnrrous.
1222 712 1285 769 229

331 877 415 940 timae
446 875 635 959 quantitatis
670 875 913 940 diminutionem
943 876 975 937 iu
1007 871 1140 957 singulis
1174 895 1280 935 rerum

328 975 499 1058 generibus
516 975 705 1059 significant,
723 977 773 1038 vel
793 997 966 1039 excessum.
1011 972 1136 1037 Licebit
1152 995 1191 1036 ne
1206 995 1281 1057 ergo

328 1097 419 1163 cenes
448 1076 674 1160 multiplicare,
706 1075 890 1138 volucresve
918 1096 1057 1159 rapaces,
1088 1084 1145 1136 aut
1175 1085 1282 1136 truces

328 1173 456 1253 bestias,
479 1189 536 1240 aut
560 1175 710 1262 quaelibet
733 1187 879 1260 portenta
900 1187 1033 1251 naturae,
1050 1173 1102 1236 cui
1124 1194 1277 1257 equorum

327 1279 383 1358 qui
399 1277 438 1339 ad
456 1278 601 1342 militiam
622 1276 787 1340 necessarii
811 1289 897 1355 sunt,
912 1288 944 1339 et
966 1297 1057 1337 usum
1079 1274 1178 1338 totius
1192 1275 1278 1349 vitae,

327 1400 365 1439 ex
381 1378 523 1461 legitima
539 1377 717 1464 quantitate
732 1378 910 1463 praefinitus
925 1390 971 1440 est
987 1367 1163 1438 numerus?
1194 1378 1278 1439 Nam

327 1478 367 1541 de
396 1478 603 1543 histrionibus
631 1481 674 1543 et¹
693 1479 808 1557 mimis,
838 1478 954 1541 scurris
988 1490 1020 1540 et
1050 1475 1281 1556 meretricibus,

328 1578 505 1654 lenonibus,
536 1593 567 1644 et
598 1580 783 1666 hujusmodi
812 1578 969 1665 prodigiis
997 1580 1173 1653 hominum,
1204 1602 1278 1664 quae

328 1681 504 1765 principem
527 1685 635 1766 potius
656 1694 782 1766 oportet
805 1680 1026 1756 exterminare,
1041 1702 1138 1769 quam
1160 1681 1279 1759 fovere,

327 1804 389 1844 non
416 1783 520 1846 fuerat
546 1783 579 1845 in
605 1783 676 1868 lege
701 1782 820 1846 mentio
846 1781 1008 1855 facienda3
1044 1805 1119 1867 quae¹
1147 1782 1277 1867 quidem

327 1905 434 1946 omnes
450 1882 698 1947 abominationes
713 1885 799 1957 istas,
817 1906 880 1945 non
897 1884 991 1946 modo
1007 1882 1191 1968 aprincipis
1206 1879 1278 1945 aula

324 1982 477 2063 excludit,
493 1984 547 2046 sed
564 1984 705 2047 eliminat
726 2007 745 2047 a
767 1983 888 2069 populo
913 1985 985 2048 Dei.
1031 1977 1198 2069 Equorum
1221 2004 1277 2045 no-

327 2083 422 2159 mine,
448 2084 546 2147 totius
575 2083 703 2148 familias
734 2096 765 2148 et
795 2069 1094 2167 impedimentorum
1125 2084 1277 2160 omnium,

325 2185 516 2248 necessarius
539 2173 731 2268 intelligitur
756 2207 842 2247 usus.
888 2186 991 2269 Cujus
1013 2184 1155 2268 legitima
1177 2206 1277 2269 quan·

327 2286 404 2350 titas
413 2298 471 2361 est,
483 2308 577 2370 quam
592 2289 674 2349 ratio
685 2286 892 2363 necessitatis,
902 2298 956 2348 aut
969 2284 1116 2349 utilitatis
1125 2286 1278 2370 exposcit.

328 2388 380 2451 Ita
396 2402 499 2452 tamen
524 2400 561 2451 ut
582 2387 661 2451 utile
681 2400 713 2451 et
734 2387 900 2451 honestum
924 2399 1141 2470 coequentur,
1157 2400 1188 2450 et
1203 2387 1279 2451 civi-

327 2488 399 2553 litas
425 2489 643 2552 conscribatur
670 2488 818 2553 honestis.
871 2487 1074 2570 Philosophis
1100 2491 1183 2551 enim
1209 2490 1278 2572 jam

325 2590 446 2675 pridem
463 2575 594 2674 placuit,
606 2589 859 2674 perniciosiorem
873 2588 991 2651 nullam
1008 2611 1073 2651 esse
1089 2588 1278 2672 opinionem,

324 2690 453 2753 illorum
474 2690 622 2774 opinione
644 2690 700 2775 qui
724 2690 802 2754 utile
825 2702 972 2776 separant
998 2690 1038 2752 ab
1061 2689 1212 2761 honest0;
1244 2701 1276 2753 et

326 2791 512 2854 sententiam
530 2791 722 2856 verissimam
744 2804 776 2855 et
797 2792 995 2855 utilissimam
1016 2814 1093 2870 esse,
1108 2791 1276 2855 honestum

326 2905 357 2955 et
374 2890 452 2954 utile
468 2890 499 2952 in
516 2914 547 2954 se
562 2914 798 2979 usquequaque
810 2896 963 2958 converti.
998 2894 1101 2972 Plato,
1117 2905 1153 2955 ut
1168 2893 1276 2957 ferunt

326 2993 465 3056 historiae
486 2994 642 3077 gentium,
665 2995 764 3079 quum
789 2995 918 3059 vidisset
942 2994 1131 3080 Dionysium
1160 2994 1275 3058 Siciliae

326 3106 508 3178 tyrannum,
536 3095 676 3181 corporis
706 3099 753 3160 sui
785 3112 909 3182 septum
934 3097 1140 3161 custodibus:
1179 3096 1275 3173 Quod

325 3206 461 3270 tantum,
471 3194 714 3280 inquit,malum
732 3198 845 3274 fecisti,
863 3210 898 3261 nt
914 3211 1013 3261 atam
1028 3197 1138 3261 multis
1153 3219 1276 3260 necesse

325 3297 441 3360 habeas
456 3297 632 3361 custodiri?
657 3302 731 3362 Hoc
744 3299 855 3383 utique
870 3300 1044 3385 principem
1060 3321 1122 3362 non
1138 3310 1276 3382 oportet,

326 3398 383 3482 qui
399 3396 509 3460 officiis
522 3398 568 3461 ita
584 3398 643 3462 sibi
659 3399 798 3462 onmium
815 3401 914 3464 viucit
929 3400 1072 3474 affectus,
1089 3413 1123 3465 ut
1139 3404 1275 3485 quisque

326 3497 485 3573 subditus,
504 3490 562 3582 pro
577 3521 614 3560 eo
629 3498 778 3583 periculis
799 3499 1040 3563 imminentibus
1059 3514 1156 3583 caput
1175 3521 1274 3584 oppo-

325 3612 388 3662 nat.
421 3600 527 3675 Quum
541 3599 635 3662 etiam
649 3612 782 3684 urgente
795 3612 920 3675 natura,
930 3623 962 3662 se
975 3622 1032 3685 pro
1043 3600 1146 3684 capite
1156 3599 1276 3663 soleant

326 3700 466 3763 membra
481 3722 652 3786 exponere,
669 3712 700 3764 et
715 3700 828 3785 pellem
845 3701 1010 3788 propelle,
1027 3714 1059 3765 et
1074 3715 1188 3765 cuncta
1202 3725 1276 3786 quae

324 3801 417 3864 homo
439 3803 547 3877 habet,
569 3814 668 3888 ponat
691 3823 750 3886 pro
772 3803 877 3864 anima
898 3825 964 3867 sua.
1012 3802 1182 3888 Sequitur:
1207 3807 1275 3866 Nec

324 3903 452 3967 reducet
482 3904 639 3989 populum
669 3903 702 3965 in
732 3906 925 3988 AEgyptum‚
952 3904 1116 3990 equitatus
1144 3927 1276 3991 numero

325 4003 519 4068 sublevatus.
551 4006 674 4088 Magna
686 4004 841 4088 siquidem
856 4005 1020 4087 diligentia
1031 4004 1274 4090 praecavendum

322 4116 369 4166 est
384 4107 479 4178 omni,
492 4105 547 4190 qui
562 4107 594 4168 in
612 4105 807 4168 sublimitate
823 4106 1042 4183 constituitur,
1056 4130 1095 4168 ne
1110 4106 1273 4169 inferiores

323 4218 505 4289 corrumpat
520 4206 684 4290 exemplis,
700 4219 731 4270 et
747 4206 898 4270 abusione
913 4230 1031 4280 rerum,
1047 4219 1079 4269 et
1093 4229 1150 4290 per
1165 4229 1274 4291 super-

325 4303 388 4366 biae
404 4316 459 4367 aut
475 4303 611 4368 luxuriae
623 4306 707 4369 viam
723 4306 764 4371 ad
779 4307 973 4371 confusionis
985 4308 1129 4370 tenebras
1143 4306 1274 4369 reducat
