<?xml version="1.0" encoding="UTF-8"?>
<!DOCTYPE html PUBLIC "-//W3C//DTD XHTML 1.0 Transitional//EN"
    "http://www.w3.org/TR/xhtml1/DTD/xhtml1-transitional.dtd">
<html xmlns="http://www.w3.org/1999/xhtml" xml:lang="en" lang="en">
 <head>
  <title>
</title>
<meta http-equiv="Content-Type" content="text/html;charset=utf-8" />
  <meta name='ocr-system' content='tesseract 3.04.00' />
  <meta name='ocr-capabilities' content='ocr_page ocr_carea ocr_par ocr_line ocrx_word'/>
</head>
<body>
  <div class='ocr_page' id='page_1' title='image "./joannissaresber06johngoog_0075.png"; bbox 0 0 3384 5234; ppageno 0'>
   <div class='ocr_carea' id='block_1_1' title="bbox 311 632 1268 723">
    <p class='ocr_par' dir='ltr' id='par_1_1' title="bbox 311 632 1268 723">
     <span class='ocr_line' id='line_1_1' title="bbox 311 632 1268 723; baseline 0.003 -17"><span class='ocrx_word' id='word_1_1' title='bbox 311 632 380 707; x_wconf 77' lang='lat' dir='ltr'>oar.</span> <span class='ocrx_word' id='word_1_2' title='bbox 398 643 458 723; x_wconf 90' lang='lat' dir='ltr'>1v.]</span> <span class='ocrx_word' id='word_1_3' title='bbox 659 649 916 706; x_wconf 68' lang='lat' dir='ltr'>bonusamicus.</span> <span class='ocrx_word' id='word_1_4' title='bbox 1225 651 1268 709; x_wconf 74' lang='lat'>65</span> 
     </span>
    </p>
   </div>
   <div class='ocr_carea' id='block_1_2' title="bbox 306 810 1265 1912">
    <p class='ocr_par' dir='ltr' id='par_1_2' title="bbox 306 810 1265 1912">
     <span class='ocr_line' id='line_1_2' title="bbox 310 810 1265 898; baseline 0.004 -24"><span class='ocrx_word' id='word_1_5' title='bbox 310 811 421 876; x_wconf 90' lang='lat' dir='ltr'>divino</span> <span class='ocrx_word' id='word_1_6' title='bbox 432 834 525 898; x_wconf 88' lang='lat' dir='ltr'>super</span> <span class='ocrx_word' id='word_1_7' title='bbox 537 810 717 874; x_wconf 87' lang='lat' dir='ltr'>incredulos</span> <span class='ocrx_word' id='word_1_8' title='bbox 725 810 910 875; x_wconf 91' lang='lat' dir='ltr'>imminente</span> <span class='ocrx_word' id='word_1_9' title='bbox 921 810 1057 897; x_wconf 85' lang='lat' dir='ltr'>judicio,</span> <span class='ocrx_word' id='word_1_10' title='bbox 1069 812 1265 894; x_wconf 89' lang='lat' dir='ltr'>acciderunt,</span> 
     </span>
     <span class='ocr_line' id='line_1_3' title="bbox 308 911 1265 1000; baseline 0.002 -23"><span class='ocrx_word' id='word_1_11' title='bbox 308 935 385 998; x_wconf 89' lang='lat' dir='ltr'>quae</span> <span class='ocrx_word' id='word_1_12' title='bbox 400 914 496 1000; x_wconf 89' lang='lat' dir='ltr'>siper</span> <span class='ocrx_word' id='word_1_13' title='bbox 512 914 649 998; x_wconf 86' lang='lat' dir='ltr'>singula,</span> <span class='ocrx_word' id='word_1_14' title='bbox 659 923 756 997; x_wconf 90' lang='lat' dir='ltr'>prout</span> <span class='ocrx_word' id='word_1_15' title='bbox 772 924 826 975; x_wconf 88' lang='lat' dir='ltr'>aut</span> <span class='ocrx_word' id='word_1_16' title='bbox 842 911 1026 977; x_wconf 89' lang='lat' dir='ltr'>auctoribus</span> <span class='ocrx_word' id='word_1_17' title='bbox 1038 912 1162 998; x_wconf 86' lang='lat' dir='ltr'>digesta</span> <span class='ocrx_word' id='word_1_18' title='bbox 1178 928 1265 989; x_wconf 82' lang='lat' dir='ltr'>sunt,</span> 
     </span>
     <span class='ocr_line' id='line_1_4' title="bbox 308 1012 1263 1100; baseline 0 -21"><span class='ocrx_word' id='word_1_19' title='bbox 308 1037 434 1100; x_wconf 90' lang='lat' dir='ltr'>coepero</span> <span class='ocrx_word' id='word_1_20' title='bbox 455 1035 611 1092; x_wconf 89' lang='lat' dir='ltr'>enarrare,</span> <span class='ocrx_word' id='word_1_21' title='bbox 626 1013 677 1076; x_wconf 77' lang='lat' dir='ltr'>vel</span> <span class='ocrx_word' id='word_1_22' title='bbox 695 1012 761 1075; x_wconf 86' lang='lat' dir='ltr'>sola</span> <span class='ocrx_word' id='word_1_23' title='bbox 784 1013 853 1077; x_wconf 86' lang='lat' dir='ltr'>haec</span> <span class='ocrx_word' id='word_1_24' title='bbox 874 1014 1042 1099; x_wconf 91' lang='lat' dir='ltr'>proprium</span> <span class='ocrx_word' id='word_1_25' title='bbox 1065 1026 1193 1099; x_wconf 90' lang='lat' dir='ltr'>tempus</span> <span class='ocrx_word' id='word_1_26' title='bbox 1207 1016 1263 1080; x_wconf 89' lang='lat' dir='ltr'>de·</span> 
     </span>
     <span class='ocr_line' id='line_1_5' title="bbox 309 1113 1264 1201; baseline 0.002 -24"><span class='ocrx_word' id='word_1_27' title='bbox 309 1114 503 1185; x_wconf 86' lang='lat' dir='ltr'>siderabunt,</span> <span class='ocrx_word' id='word_1_28' title='bbox 521 1126 552 1178; x_wconf 92' lang='lat' dir='ltr'>et</span> <span class='ocrx_word' id='word_1_29' title='bbox 566 1113 679 1179; x_wconf 88' lang='lat' dir='ltr'>otium.</span> <span class='ocrx_word' id='word_1_30' title='bbox 726 1115 833 1176; x_wconf 87' lang='lat' dir='ltr'>Pauca</span> <span class='ocrx_word' id='word_1_31' title='bbox 849 1125 952 1177; x_wconf 88' lang='lat' dir='ltr'>tamen</span> <span class='ocrx_word' id='word_1_32' title='bbox 969 1130 1101 1178; x_wconf 89' lang='lat' dir='ltr'>auctore</span> <span class='ocrx_word' id='word_1_33' title='bbox 1120 1115 1264 1201; x_wconf 88' lang='lat' dir='ltr'>Josepho</span> 
     </span>
     <span class='ocr_line' id='line_1_6' title="bbox 307 1215 1260 1301; baseline 0.001 -21"><span class='ocrx_word' id='word_1_34' title='bbox 307 1216 529 1300; x_wconf 85' lang='lat' dir='ltr'>compendioso</span> <span class='ocrx_word' id='word_1_35' title='bbox 556 1238 698 1279; x_wconf 86' lang='lat' dir='ltr'><strong>sermone</strong></span> <span class='ocrx_word' id='word_1_36' title='bbox 721 1238 917 1301; x_wconf 81' lang='lat' dir='ltr'>percurram,</span> <span class='ocrx_word' id='word_1_37' title='bbox 938 1239 976 1279; x_wconf 90' lang='lat' dir='ltr'>eo</span> <span class='ocrx_word' id='word_1_38' title='bbox 997 1215 1084 1301; x_wconf 89' lang='lat' dir='ltr'>quod</span> <span class='ocrx_word' id='word_1_39' title='bbox 1106 1216 1148 1280; x_wconf 91' lang='lat' dir='ltr'>ad</span> <span class='ocrx_word' id='word_1_40' title='bbox 1169 1217 1260 1281; x_wconf 88' lang='lat' dir='ltr'>robo-</span> 
     </span>
     <span class='ocr_line' id='line_1_7' title="bbox 306 1317 1258 1400; baseline 0.002 -19"><span class='ocrx_word' id='word_1_41' title='bbox 306 1318 436 1382; x_wconf 89' lang='lat' dir='ltr'>randam</span> <span class='ocrx_word' id='word_1_42' title='bbox 452 1317 547 1381; x_wconf 81' lang='lat' dir='ltr'>iidem</span> <span class='ocrx_word' id='word_1_43' title='bbox 564 1330 703 1382; x_wconf 90' lang='lat' dir='ltr'>nostram</span> <span class='ocrx_word' id='word_1_44' title='bbox 725 1317 908 1400; x_wconf 86' lang='lat' dir='ltr'>proficiunt,</span> <span class='ocrx_word' id='word_1_45' title='bbox 924 1329 954 1381; x_wconf 90' lang='lat' dir='ltr'>et</span> <span class='ocrx_word' id='word_1_46' title='bbox 971 1317 1011 1380; x_wconf 94' lang='lat' dir='ltr'>ad</span> <span class='ocrx_word' id='word_1_47' title='bbox 1027 1317 1258 1383; x_wconf 89' lang='lat' dir='ltr'>retundendam</span> 
     </span>
     <span class='ocr_line' id='line_1_8' title="bbox 306 1419 1259 1505; baseline -0.002 -20"><span class='ocrx_word' id='word_1_48' title='bbox 306 1422 496 1486; x_wconf 81' lang='lat' dir='ltr'><strong>obstinatam</strong></span> <span class='ocrx_word' id='word_1_49' title='bbox 513 1423 536 1484; x_wconf 84' lang='lat' dir='ltr'>J</span> <span class='ocrx_word' id='word_1_50' title='bbox 539 1421 702 1483; x_wconf 88' lang='lat' dir='ltr'>udaeorum</span> <span class='ocrx_word' id='word_1_51' title='bbox 722 1419 897 1505; x_wconf 72' lang='lat' dir='ltr'>perfidiam,</span> <span class='ocrx_word' id='word_1_52' title='bbox 936 1420 1157 1504; x_wconf 70' lang='lat' dir='ltr'>Quadraginta</span> <span class='ocrx_word' id='word_1_53' title='bbox 1171 1442 1259 1484; x_wconf 91' lang='lat' dir='ltr'>uam·</span> 
     </span>
     <span class='ocr_line' id='line_1_9' title="bbox 307 1521 1259 1610; baseline -0.002 -22"><span class='ocrx_word' id='word_1_54' title='bbox 307 1548 383 1610; x_wconf 89' lang='lat' dir='ltr'>que,</span> <span class='ocrx_word' id='word_1_55' title='bbox 409 1536 481 1610; x_wconf 90' lang='lat' dir='ltr'>post</span> <span class='ocrx_word' id='word_1_56' title='bbox 505 1522 676 1586; x_wconf 90' lang='lat' dir='ltr'>admissum</span> <span class='ocrx_word' id='word_1_57' title='bbox 707 1521 880 1607; x_wconf 89' lang='lat' dir='ltr'>piaculum,</span> <span class='ocrx_word' id='word_1_58' title='bbox 907 1521 1067 1585; x_wconf 87' lang='lat' dir='ltr'>continuis</span> <span class='ocrx_word' id='word_1_59' title='bbox 1097 1536 1259 1609; x_wconf 87' lang='lat' dir='ltr'>protracta</span> 
     </span>
     <span class='ocr_line' id='line_1_10' title="bbox 309 1622 1261 1711; baseline -0.004 -22"><span class='ocrx_word' id='word_1_60' title='bbox 309 1625 411 1699; x_wconf 87' lang='lat' dir='ltr'>annis,</span> <span class='ocrx_word' id='word_1_61' title='bbox 426 1624 595 1711; x_wconf 90' lang='lat' dir='ltr'>impiorum</span> <span class='ocrx_word' id='word_1_62' title='bbox 614 1646 710 1709; x_wconf 90' lang='lat' dir='ltr'>poena</span> <span class='ocrx_word' id='word_1_63' title='bbox 724 1622 880 1687; x_wconf 89' lang='lat' dir='ltr'>differtur.</span> <span class='ocrx_word' id='word_1_64' title='bbox 928 1624 967 1686; x_wconf 92' lang='lat' dir='ltr'>In</span> <span class='ocrx_word' id='word_1_65' title='bbox 991 1623 1109 1710; x_wconf 90' lang='lat' dir='ltr'>quibus</span> <span class='ocrx_word' id='word_1_66' title='bbox 1123 1637 1154 1687; x_wconf 89' lang='lat' dir='ltr'>et</span> <span class='ocrx_word' id='word_1_67' title='bbox 1171 1626 1261 1709; x_wconf 86' lang='lat' dir='ltr'>Apo-</span> 
     </span>
     <span class='ocr_line' id='line_1_11' title="bbox 310 1723 1259 1810; baseline -0.002 -19"><span class='ocrx_word' id='word_1_68' title='bbox 310 1727 383 1791; x_wconf 88' lang='lat' dir='ltr'>stoli</span> <span class='ocrx_word' id='word_1_69' title='bbox 398 1749 517 1802; x_wconf 90' lang='lat' dir='ltr'>omnes,</span> <span class='ocrx_word' id='word_1_70' title='bbox 533 1724 693 1810; x_wconf 82' lang='lat' dir='ltr'>praecipue</span> <span class='ocrx_word' id='word_1_71' title='bbox 714 1736 819 1787; x_wconf 89' lang='lat' dir='ltr'>tamen</span> <span class='ocrx_word' id='word_1_72' title='bbox 838 1725 861 1786; x_wconf 84' lang='lat' dir='ltr'>J</span> <span class='ocrx_word' id='word_1_73' title='bbox 864 1724 992 1802; x_wconf 86' lang='lat' dir='ltr'>acubus,</span> <span class='ocrx_word' id='word_1_74' title='bbox 1015 1724 1073 1810; x_wconf 90' lang='lat' dir='ltr'>qui</span> <span class='ocrx_word' id='word_1_75' title='bbox 1092 1723 1259 1789; x_wconf 88' lang='lat' dir='ltr'>dicebatur</span> 
     </span>
     <span class='ocr_line' id='line_1_12' title="bbox 308 1825 1259 1912; baseline -0.001 -20"><span class='ocrx_word' id='word_1_76' title='bbox 308 1830 408 1894; x_wconf 84' lang='lat' dir='ltr'>frater</span> <span class='ocrx_word' id='word_1_77' title='bbox 432 1828 574 1904; x_wconf 89' lang='lat' dir='ltr'>Domini,</span> <span class='ocrx_word' id='word_1_78' title='bbox 597 1825 828 1912; x_wconf 82' lang='lat' dir='ltr'>Hierosolymis</span> <span class='ocrx_word' id='word_1_79' title='bbox 852 1828 1032 1912; x_wconf 88' lang='lat' dir='ltr'>Episcopus</span> <span class='ocrx_word' id='word_1_80' title='bbox 1055 1827 1259 1906; x_wconf 85' lang='lat' dir='ltr'>constitutus,</span> 
     </span>
    </p>
   </div>
   <div class='ocr_carea' id='block_1_3' title="bbox 307 1928 1372 2017">
    <p class='ocr_par' dir='ltr' id='par_1_3' title="bbox 307 1928 1372 2017">
     <span class='ocr_line' id='line_1_13' title="bbox 307 1928 1372 2017; baseline -0.002 -22"><span class='ocrx_word' id='word_1_81' title='bbox 307 1932 522 1998; x_wconf 86' lang='lat' dir='ltr'>indesinenter</span> <span class='ocrx_word' id='word_1_82' title='bbox 536 1929 690 2017; x_wconf 91' lang='lat' dir='ltr'>populum</span> <span class='ocrx_word' id='word_1_83' title='bbox 711 1929 886 1993; x_wconf 79' lang='lat' dir='ltr'>commissae</span> <span class='ocrx_word' id='word_1_84' title='bbox 905 1928 1090 2013; x_wconf 89' lang='lat' dir='ltr'>impietatis,</span> <span class='ocrx_word' id='word_1_85' title='bbox 1105 1941 1137 1993; x_wconf 89' lang='lat' dir='ltr'>et</span> <span class='ocrx_word' id='word_1_86' title='bbox 1152 1928 1259 1993; x_wconf 84' lang='lat' dir='ltr'>feralis</span> <span class='ocrx_word' id='word_1_87' title='bbox 1369 1961 1372 1967; x_wconf 91' lang='lat'>·</span> 
     </span>
    </p>
   </div>
   <div class='ocr_carea' id='block_1_4' title="bbox 299 2030 1261 4439">
    <p class='ocr_par' dir='ltr' id='par_1_4' title="bbox 299 2030 1261 4439">
     <span class='ocr_line' id='line_1_14' title="bbox 308 2030 1261 2116; baseline -0.003 -18"><span class='ocrx_word' id='word_1_88' title='bbox 308 2034 387 2113; x_wconf 91' lang='lat' dir='ltr'>ausi,</span> <span class='ocrx_word' id='word_1_89' title='bbox 407 2034 447 2097; x_wconf 90' lang='lat' dir='ltr'>de</span> <span class='ocrx_word' id='word_1_90' title='bbox 469 2033 584 2096; x_wconf 89' lang='lat' dir='ltr'>scelere</span> <span class='ocrx_word' id='word_1_91' title='bbox 604 2032 858 2111; x_wconf 89' lang='lat' dir='ltr'>commonebant,</span> <span class='ocrx_word' id='word_1_92' title='bbox 878 2030 904 2095; x_wconf 89' lang='lat' dir='ltr'>si</span> <span class='ocrx_word' id='word_1_93' title='bbox 924 2031 1007 2096; x_wconf 89' lang='lat' dir='ltr'>forte</span> <span class='ocrx_word' id='word_1_94' title='bbox 1028 2044 1156 2116; x_wconf 86' lang='lat' dir='ltr'>possent</span> <span class='ocrx_word' id='word_1_95' title='bbox 1176 2054 1261 2095; x_wconf 85' lang='lat' dir='ltr'>com·</span> 
     </span>
     <span class='ocr_line' id='line_1_15' title="bbox 307 2120 1260 2223; baseline -0.002 -23"><span class='ocrx_word' id='word_1_96' title='bbox 307 2136 393 2202; x_wconf 85' lang='lat' dir='ltr'>missi</span> <span class='ocrx_word' id='word_1_97' title='bbox 408 2134 639 2223; x_wconf 81' lang='lat' dir='ltr'>poenitudinem</span> <span class='ocrx_word' id='word_1_98' title='bbox 657 2120 781 2220; x_wconf 84' lang='lat' dir='ltr'>gerere:</span> <span class='ocrx_word' id='word_1_99' title='bbox 799 2134 824 2198; x_wconf 92' lang='lat' dir='ltr'>si</span> <span class='ocrx_word' id='word_1_100' title='bbox 836 2147 964 2220; x_wconf 92' lang='lat' dir='ltr'>possent</span> <span class='ocrx_word' id='word_1_101' title='bbox 973 2134 1049 2197; x_wconf 86' lang='lat' dir='ltr'>flere</span> <span class='ocrx_word' id='word_1_102' title='bbox 1064 2156 1122 2221; x_wconf 91' lang='lat' dir='ltr'>pro</span> <span class='ocrx_word' id='word_1_103' title='bbox 1134 2134 1260 2213; x_wconf 90' lang='lat' dir='ltr'>scelere,</span> 
     </span>
     <span class='ocr_line' id='line_1_16' title="bbox 307 2228 1259 2323; baseline -0.001 -21"><span class='ocrx_word' id='word_1_104' title='bbox 307 2249 338 2302; x_wconf 91' lang='lat' dir='ltr'>et</span> <span class='ocrx_word' id='word_1_105' title='bbox 354 2240 483 2302; x_wconf 92' lang='lat' dir='ltr'>ultrices</span> <span class='ocrx_word' id='word_1_106' title='bbox 505 2228 671 2323; x_wconf 81' lang='lat' dir='ltr'>poenarum</span> <span class='ocrx_word' id='word_1_107' title='bbox 692 2239 834 2299; x_wconf 89' lang='lat' dir='ltr'>flammas</span> <span class='ocrx_word' id='word_1_108' title='bbox 849 2235 1083 2320; x_wconf 88' lang='lat' dir='ltr'>lachrymarum</span> <span class='ocrx_word' id='word_1_109' title='bbox 1110 2236 1259 2302; x_wconf 81' lang='lat' dir='ltr'>libertate</span> 
     </span>
     <span class='ocr_line' id='line_1_17' title="bbox 307 2337 1258 2425; baseline -0.001 -20"><span class='ocrx_word' id='word_1_110' title='bbox 307 2341 504 2425; x_wconf 80' lang='lat' dir='ltr'>restringere.</span> <span class='ocrx_word' id='word_1_111' title='bbox 550 2338 748 2405; x_wconf 87' lang='lat' dir='ltr'>Ostendebat</span> <span class='ocrx_word' id='word_1_112' title='bbox 769 2360 907 2424; x_wconf 90' lang='lat' dir='ltr'>namque</span> <span class='ocrx_word' id='word_1_113' title='bbox 922 2337 966 2401; x_wconf 90' lang='lat' dir='ltr'>eis</span> <span class='ocrx_word' id='word_1_114' title='bbox 986 2339 1077 2401; x_wconf 90' lang='lat' dir='ltr'>Deus</span> <span class='ocrx_word' id='word_1_115' title='bbox 1096 2361 1154 2424; x_wconf 88' lang='lat' dir='ltr'>per</span> <span class='ocrx_word' id='word_1_116' title='bbox 1169 2363 1258 2404; x_wconf 90' lang='lat' dir='ltr'>suam</span> 
     </span>
     <span class='ocr_line' id='line_1_18' title="bbox 306 2439 1258 2530; baseline -0.002 -23"><span class='ocrx_word' id='word_1_117' title='bbox 306 2442 503 2530; x_wconf 85' lang='lat' dir='ltr'>patientiam,</span> <span class='ocrx_word' id='word_1_118' title='bbox 532 2439 621 2527; x_wconf 94' lang='lat' dir='ltr'>quod</span> <span class='ocrx_word' id='word_1_119' title='bbox 651 2439 793 2526; x_wconf 90' lang='lat' dir='ltr'>ipsorum</span> <span class='ocrx_word' id='word_1_120' title='bbox 829 2451 987 2526; x_wconf 80' lang='lat' dir='ltr'>quaereret</span> <span class='ocrx_word' id='word_1_121' title='bbox 1016 2440 1258 2525; x_wconf 66' lang='lat' dir='ltr'>poeniteutiam</span> 
     </span>
     <span class='ocr_line' id='line_1_19' title="bbox 308 2542 1257 2631; baseline 0.001 -23"><span class='ocrx_word' id='word_1_122' title='bbox 308 2544 382 2631; x_wconf 90' lang='lat' dir='ltr'>quia</span> <span class='ocrx_word' id='word_1_123' title='bbox 398 2567 459 2608; x_wconf 91' lang='lat' dir='ltr'>non</span> <span class='ocrx_word' id='word_1_124' title='bbox 476 2542 547 2607; x_wconf 88' lang='lat' dir='ltr'>vult</span> <span class='ocrx_word' id='word_1_125' title='bbox 562 2555 688 2607; x_wconf 89' lang='lat' dir='ltr'>tantum</span> <span class='ocrx_word' id='word_1_126' title='bbox 702 2542 791 2605; x_wconf 88' lang='lat' dir='ltr'>Deus</span> <span class='ocrx_word' id='word_1_127' title='bbox 806 2554 940 2606; x_wconf 87' lang='lat' dir='ltr'>mortem</span> <span class='ocrx_word' id='word_1_128' title='bbox 957 2543 1141 2628; x_wconf 89' lang='lat' dir='ltr'>peccatoris,</span> <span class='ocrx_word' id='word_1_129' title='bbox 1157 2567 1257 2629; x_wconf 91' lang='lat' dir='ltr'>quan·</span> 
     </span>
     <span class='ocr_line' id='line_1_20' title="bbox 307 2644 1257 2713; baseline -0.003 0"><span class='ocrx_word' id='word_1_130' title='bbox 307 2659 373 2713; x_wconf 90' lang='lat' dir='ltr'>turn</span> <span class='ocrx_word' id='word_1_131' title='bbox 395 2658 432 2712; x_wconf 91' lang='lat' dir='ltr'>ut</span> <span class='ocrx_word' id='word_1_132' title='bbox 454 2657 661 2711; x_wconf 85' lang='lat' dir='ltr'>convertatur</span> <span class='ocrx_word' id='word_1_133' title='bbox 681 2660 711 2708; x_wconf 89' lang='lat' dir='ltr'>et</span> <span class='ocrx_word' id='word_1_134' title='bbox 727 2644 825 2711; x_wconf 85' lang='lat' dir='ltr'>vivat.</span> <span class='ocrx_word' id='word_1_135' title='bbox 872 2644 1002 2708; x_wconf 90' lang='lat' dir='ltr'>Mollire</span> <span class='ocrx_word' id='word_1_136' title='bbox 1022 2657 1128 2709; x_wconf 89' lang='lat' dir='ltr'>autem</span> <span class='ocrx_word' id='word_1_137' title='bbox 1151 2646 1257 2710; x_wconf 90' lang='lat' dir='ltr'>adhuc</span> 
     </span>
     <span class='ocr_line' id='line_1_21' title="bbox 305 2745 1257 2833; baseline -0.001 -20"><span class='ocrx_word' id='word_1_138' title='bbox 305 2748 419 2813; x_wconf 90' lang='lat' dir='ltr'>mentis</span> <span class='ocrx_word' id='word_1_139' title='bbox 448 2770 557 2812; x_wconf 89' lang='lat' dir='ltr'>eorum</span> <span class='ocrx_word' id='word_1_140' title='bbox 589 2746 740 2811; x_wconf 89' lang='lat' dir='ltr'>duritiam</span> <span class='ocrx_word' id='word_1_141' title='bbox 770 2745 933 2828; x_wconf 86' lang='lat' dir='ltr'>nitebatur</span> <span class='ocrx_word' id='word_1_142' title='bbox 962 2746 1071 2810; x_wconf 91' lang='lat' dir='ltr'>divina</span> <span class='ocrx_word' id='word_1_143' title='bbox 1100 2748 1257 2833; x_wconf 89' lang='lat' dir='ltr'>majestas,</span> 
     </span>
     <span class='ocr_line' id='line_1_22' title="bbox 306 2847 1257 2935; baseline 0.002 -21"><span class='ocrx_word' id='word_1_144' title='bbox 306 2849 404 2933; x_wconf 89' lang='lat' dir='ltr'>signis</span> <span class='ocrx_word' id='word_1_145' title='bbox 418 2862 448 2913; x_wconf 89' lang='lat' dir='ltr'>et</span> <span class='ocrx_word' id='word_1_146' title='bbox 464 2848 619 2935; x_wconf 87' lang='lat' dir='ltr'>prodigiis</span> <span class='ocrx_word' id='word_1_147' title='bbox 638 2847 763 2913; x_wconf 89' lang='lat' dir='ltr'>coelitus</span> <span class='ocrx_word' id='word_1_148' title='bbox 784 2848 879 2926; x_wconf 89' lang='lat' dir='ltr'>datis,</span> <span class='ocrx_word' id='word_1_149' title='bbox 895 2862 1095 2934; x_wconf 76' lang='lat' dir='ltr'>terroresque</span> <span class='ocrx_word' id='word_1_150' title='bbox 1115 2849 1209 2913; x_wconf 92' lang='lat' dir='ltr'>simul</span> <span class='ocrx_word' id='word_1_151' title='bbox 1224 2864 1257 2916; x_wconf 89' lang='lat' dir='ltr'>et</span> 
     </span>
     <span class='ocr_line' id='line_1_23' title="bbox 305 2950 1254 3037; baseline 0.004 -24"><span class='ocrx_word' id='word_1_152' title='bbox 305 2950 457 3014; x_wconf 86' lang='lat' dir='ltr'>minacem</span> <span class='ocrx_word' id='word_1_153' title='bbox 470 2950 633 3015; x_wconf 89' lang='lat' dir='ltr'>dexteram</span> <span class='ocrx_word' id='word_1_154' title='bbox 644 2950 839 3015; x_wconf 89' lang='lat' dir='ltr'>ostendendo</span> <span class='ocrx_word' id='word_1_155' title='bbox 853 2952 1067 3037; x_wconf 88' lang='lat' dir='ltr'>potiusquam</span> <span class='ocrx_word' id='word_1_156' title='bbox 1080 2952 1254 3018; x_wconf 83' lang='lat' dir='ltr'>inferendo.</span> 
     </span>
     <span class='ocr_line' id='line_1_24' title="bbox 304 3052 1256 3139; baseline 0 -22"><span class='ocrx_word' id='word_1_157' title='bbox 304 3055 357 3117; x_wconf 89' lang='lat' dir='ltr'>De</span> <span class='ocrx_word' id='word_1_158' title='bbox 369 3053 488 3137; x_wconf 92' lang='lat' dir='ltr'>quibus</span> <span class='ocrx_word' id='word_1_159' title='bbox 500 3052 683 3137; x_wconf 89' lang='lat' dir='ltr'>supradicti</span> <span class='ocrx_word' id='word_1_160' title='bbox 695 3052 942 3139; x_wconf 86' lang='lat' dir='ltr'>historiographi</span> <span class='ocrx_word' id='word_1_161' title='bbox 954 3053 1044 3132; x_wconf 89' lang='lat' dir='ltr'>fides,</span> <span class='ocrx_word' id='word_1_162' title='bbox 1056 3066 1092 3117; x_wconf 93' lang='lat' dir='ltr'>ut</span> <span class='ocrx_word' id='word_1_163' title='bbox 1107 3053 1140 3117; x_wconf 87' lang='lat' dir='ltr'>in</span> <span class='ocrx_word' id='word_1_164' title='bbox 1152 3054 1256 3135; x_wconf 90' lang='lat' dir='ltr'>certis,</span> 
     </span>
     <span class='ocr_line' id='line_1_25' title="bbox 303 3151 1255 3240; baseline 0.001 -23"><span class='ocrx_word' id='word_1_165' title='bbox 303 3153 399 3218; x_wconf 88' lang='lat' dir='ltr'>etiam</span> <span class='ocrx_word' id='word_1_166' title='bbox 415 3154 447 3216; x_wconf 90' lang='lat' dir='ltr'>in</span> <span class='ocrx_word' id='word_1_167' title='bbox 464 3153 523 3216; x_wconf 92' lang='lat' dir='ltr'>hoc</span> <span class='ocrx_word' id='word_1_168' title='bbox 542 3151 697 3218; x_wconf 85' lang='lat' dir='ltr'>sufficiens</span> <span class='ocrx_word' id='word_1_169' title='bbox 712 3153 782 3217; x_wconf 88' lang='lat' dir='ltr'>erit.</span> <span class='ocrx_word' id='word_1_170' title='bbox 820 3154 1015 3239; x_wconf 88' lang='lat' dir='ltr'>Relegamus</span> <span class='ocrx_word' id='word_1_171' title='bbox 1030 3176 1105 3238; x_wconf 91' lang='lat' dir='ltr'>ergo</span> <span class='ocrx_word' id='word_1_172' title='bbox 1128 3152 1205 3240; x_wconf 91' lang='lat' dir='ltr'>quid</span> <span class='ocrx_word' id='word_1_173' title='bbox 1222 3154 1255 3218; x_wconf 86' lang='lat' dir='ltr'>iu</span> 
     </span>
     <span class='ocr_line' id='line_1_26' title="bbox 304 3253 1255 3339; baseline -0.001 -20"><span class='ocrx_word' id='word_1_174' title='bbox 304 3268 394 3319; x_wconf 89' lang='lat' dir='ltr'>sexto</span> <span class='ocrx_word' id='word_1_175' title='bbox 409 3253 611 3319; x_wconf 89' lang='lat' dir='ltr'>historiarum</span> <span class='ocrx_word' id='word_1_176' title='bbox 629 3277 758 3319; x_wconf 87' lang='lat' dir='ltr'>suarum</span> <span class='ocrx_word' id='word_1_177' title='bbox 774 3254 868 3332; x_wconf 90' lang='lat' dir='ltr'>libro,</span> <span class='ocrx_word' id='word_1_178' title='bbox 881 3255 921 3318; x_wconf 95' lang='lat' dir='ltr'>de</span> <span class='ocrx_word' id='word_1_179' title='bbox 936 3253 985 3318; x_wconf 93' lang='lat' dir='ltr'>his</span> <span class='ocrx_word' id='word_1_180' title='bbox 999 3256 1067 3336; x_wconf 91' lang='lat' dir='ltr'>ipse</span> <span class='ocrx_word' id='word_1_181' title='bbox 1083 3254 1255 3339; x_wconf 87' lang='lat' dir='ltr'>signaverit</span> 
     </span>
     <span class='ocr_line' id='line_1_27' title="bbox 303 3354 1254 3443; baseline -0.003 -22"><span class='ocrx_word' id='word_1_182' title='bbox 303 3357 473 3442; x_wconf 79' lang='lat' dir='ltr'>Josephus,</span> <span class='ocrx_word' id='word_1_183' title='bbox 523 3355 585 3419; x_wconf 89' lang='lat' dir='ltr'>Sed</span> <span class='ocrx_word' id='word_1_184' title='bbox 611 3355 779 3432; x_wconf 89' lang='lat' dir='ltr'>infelicem,</span> <span class='ocrx_word' id='word_1_185' title='bbox 803 3356 920 3443; x_wconf 92' lang='lat' dir='ltr'>inquit,</span> <span class='ocrx_word' id='word_1_186' title='bbox 948 3356 1073 3442; x_wconf 87' lang='lat' dir='ltr'>plebem</span> <span class='ocrx_word' id='word_1_187' title='bbox 1100 3354 1254 3421; x_wconf 87' lang='lat' dir='ltr'>teterrimi</span> 
     </span>
     <span class='ocr_line' id='line_1_28' title="bbox 303 3457 1254 3545; baseline 0 -24"><span class='ocrx_word' id='word_1_188' title='bbox 303 3458 434 3545; x_wconf 90' lang='lat' dir='ltr'>quidam</span> <span class='ocrx_word' id='word_1_189' title='bbox 471 3457 626 3533; x_wconf 89' lang='lat' dir='ltr'>homines,</span> <span class='ocrx_word' id='word_1_190' title='bbox 656 3470 688 3521; x_wconf 90' lang='lat' dir='ltr'>ct</span> <span class='ocrx_word' id='word_1_191' title='bbox 718 3457 901 3544; x_wconf 89' lang='lat' dir='ltr'>deceptores</span> <span class='ocrx_word' id='word_1_192' title='bbox 930 3457 1009 3521; x_wconf 84' lang='lat' dir='ltr'>falsa</span> <span class='ocrx_word' id='word_1_193' title='bbox 1035 3457 1254 3532; x_wconf 88' lang='lat' dir='ltr'>vaticinantes,</span> 
     </span>
     <span class='ocr_line' id='line_1_29' title="bbox 301 3558 1252 3642; baseline -0.001 -17"><span class='ocrx_word' id='word_1_194' title='bbox 301 3558 477 3625; x_wconf 89' lang='lat' dir='ltr'>suadebant</span> <span class='ocrx_word' id='word_1_195' title='bbox 494 3572 529 3625; x_wconf 94' lang='lat' dir='ltr'>ut</span> <span class='ocrx_word' id='word_1_196' title='bbox 545 3558 746 3624; x_wconf 90' lang='lat' dir='ltr'>evidentibus</span> <span class='ocrx_word' id='word_1_197' title='bbox 767 3559 864 3642; x_wconf 82' lang='lat' dir='ltr'>signis</span> <span class='ocrx_word' id='word_1_198' title='bbox 886 3573 918 3624; x_wconf 88' lang='lat' dir='ltr'>et</span> <span class='ocrx_word' id='word_1_199' title='bbox 939 3559 1063 3623; x_wconf 91' lang='lat' dir='ltr'>indiciis</span> <span class='ocrx_word' id='word_1_200' title='bbox 1078 3559 1252 3625; x_wconf 77' lang='lat' dir='ltr'>iracundiae</span> 
     </span>
     <span class='ocr_line' id='line_1_30' title="bbox 301 3660 1254 3748; baseline 0 -21"><span class='ocrx_word' id='word_1_201' title='bbox 301 3675 333 3727; x_wconf 90' lang='lat' dir='ltr'>et</span> <span class='ocrx_word' id='word_1_202' title='bbox 349 3660 575 3748; x_wconf 86' lang='lat' dir='ltr'>indignationis</span> <span class='ocrx_word' id='word_1_203' title='bbox 595 3661 712 3725; x_wconf 89' lang='lat' dir='ltr'>divinae</span> <span class='ocrx_word' id='word_1_204' title='bbox 734 3685 796 3725; x_wconf 90' lang='lat' dir='ltr'>non</span> <span class='ocrx_word' id='word_1_205' title='bbox 820 3663 994 3736; x_wconf 89' lang='lat' dir='ltr'>crederent,</span> <span class='ocrx_word' id='word_1_206' title='bbox 1011 3661 1130 3748; x_wconf 91' lang='lat' dir='ltr'>quibus</span> <span class='ocrx_word' id='word_1_207' title='bbox 1144 3674 1254 3748; x_wconf 87' lang='lat' dir='ltr'>aperte</span> 
     </span>
     <span class='ocr_line' id='line_1_31' title="bbox 301 3762 1252 3847; baseline 0.001 -20"><span class='ocrx_word' id='word_1_208' title='bbox 301 3764 448 3827; x_wconf 86' lang='lat' dir='ltr'>futurum</span> <span class='ocrx_word' id='word_1_209' title='bbox 472 3776 502 3827; x_wconf 91' lang='lat' dir='ltr'>et</span> <span class='ocrx_word' id='word_1_210' title='bbox 527 3762 616 3826; x_wconf 90' lang='lat' dir='ltr'>urbis</span> <span class='ocrx_word' id='word_1_211' title='bbox 638 3775 670 3826; x_wconf 88' lang='lat' dir='ltr'>et</span> <span class='ocrx_word' id='word_1_212' title='bbox 692 3764 797 3847; x_wconf 85' lang='lat' dir='ltr'>gentis</span> <span class='ocrx_word' id='word_1_213' title='bbox 812 3763 1064 3847; x_wconf 88' lang='lat' dir='ltr'>praesagiebatur</span> <span class='ocrx_word' id='word_1_214' title='bbox 1083 3762 1252 3828; x_wconf 57' lang='lat' dir='ltr'>excidium,</span> 
     </span>
     <span class='ocr_line' id='line_1_32' title="bbox 303 3862 1254 3950; baseline 0 -23"><span class='ocrx_word' id='word_1_215' title='bbox 303 3863 365 3928; x_wconf 91' lang='lat' dir='ltr'>Sed</span> <span class='ocrx_word' id='word_1_216' title='bbox 393 3864 481 3928; x_wconf 91' lang='lat' dir='ltr'>velut</span> <span class='ocrx_word' id='word_1_217' title='bbox 510 3862 608 3928; x_wconf 88' lang='lat' dir='ltr'>afflati</span> <span class='ocrx_word' id='word_1_218' title='bbox 638 3875 670 3927; x_wconf 89' lang='lat' dir='ltr'>et</span> <span class='ocrx_word' id='word_1_219' title='bbox 695 3875 846 3939; x_wconf 88' lang='lat' dir='ltr'>amentes,</span> <span class='ocrx_word' id='word_1_220' title='bbox 875 3876 907 3928; x_wconf 89' lang='lat' dir='ltr'>ct</span> <span class='ocrx_word' id='word_1_221' title='bbox 933 3864 990 3950; x_wconf 90' lang='lat' dir='ltr'>qui</span> <span class='ocrx_word' id='word_1_222' title='bbox 1017 3886 1121 3948; x_wconf 90' lang='lat' dir='ltr'>neque</span> <span class='ocrx_word' id='word_1_223' title='bbox 1144 3864 1254 3927; x_wconf 89' lang='lat' dir='ltr'>oculos</span> 
     </span>
     <span class='ocr_line' id='line_1_33' title="bbox 299 3965 1254 4053; baseline -0.001 -23"><span class='ocrx_word' id='word_1_224' title='bbox 299 3988 405 4053; x_wconf 89' lang='lat' dir='ltr'>neque</span> <span class='ocrx_word' id='word_1_225' title='bbox 420 3966 540 4030; x_wconf 89' lang='lat' dir='ltr'>animas</span> <span class='ocrx_word' id='word_1_226' title='bbox 562 3968 596 4030; x_wconf 90' lang='lat' dir='ltr'>in</span> <span class='ocrx_word' id='word_1_227' title='bbox 618 3989 650 4029; x_wconf 90' lang='lat' dir='ltr'>se</span> <span class='ocrx_word' id='word_1_228' title='bbox 670 3965 835 4046; x_wconf 90' lang='lat' dir='ltr'>haberent,</span> <span class='ocrx_word' id='word_1_229' title='bbox 851 3967 1041 4051; x_wconf 89' lang='lat' dir='ltr'>spernebant</span> <span class='ocrx_word' id='word_1_230' title='bbox 1062 3965 1168 4028; x_wconf 92' lang='lat' dir='ltr'>omnia</span> <span class='ocrx_word' id='word_1_231' title='bbox 1182 3988 1254 4051; x_wconf 82' lang='lat' dir='ltr'>qnoe</span> 
     </span>
     <span class='ocr_line' id='line_1_34' title="bbox 299 4066 1253 4154; baseline -0.004 -21"><span class='ocrx_word' id='word_1_232' title='bbox 299 4068 424 4133; x_wconf 90' lang='lat' dir='ltr'>coelitus</span> <span class='ocrx_word' id='word_1_233' title='bbox 439 4068 683 4133; x_wconf 89' lang='lat' dir='ltr'>nunciabantur.</span> <span class='ocrx_word' id='word_1_234' title='bbox 722 4068 851 4131; x_wconf 90' lang='lat' dir='ltr'>Etenim</span> <span class='ocrx_word' id='word_1_235' title='bbox 868 4067 959 4132; x_wconf 87' lang='lat' dir='ltr'>stella</span> <span class='ocrx_word' id='word_1_236' title='bbox 975 4066 1171 4154; x_wconf 70' lang='lat' dir='ltr'>prefulgens</span> <span class='ocrx_word' id='word_1_237' title='bbox 1185 4067 1253 4152; x_wconf 86' lang='lat' dir='ltr'>gla-</span> 
     </span>
     <span class='ocr_line' id='line_1_35' title="bbox 302 4167 1255 4255; baseline -0.001 -24"><span class='ocrx_word' id='word_1_238' title='bbox 302 4168 356 4232; x_wconf 89' lang='lat' dir='ltr'>dio</span> <span class='ocrx_word' id='word_1_239' title='bbox 378 4192 436 4254; x_wconf 89' lang='lat' dir='ltr'>per</span> <span class='ocrx_word' id='word_1_240' title='bbox 456 4170 563 4233; x_wconf 91' lang='lat' dir='ltr'>omnia</span> <span class='ocrx_word' id='word_1_241' title='bbox 589 4168 709 4244; x_wconf 86' lang='lat' dir='ltr'>similis,</span> <span class='ocrx_word' id='word_1_242' title='bbox 729 4168 893 4232; x_wconf 90' lang='lat' dir='ltr'>imminere</span> <span class='ocrx_word' id='word_1_243' title='bbox 917 4168 1054 4255; x_wconf 89' lang='lat' dir='ltr'>desuper</span> <span class='ocrx_word' id='word_1_244' title='bbox 1074 4167 1206 4243; x_wconf 87' lang='lat' dir='ltr'>civitati,</span> <span class='ocrx_word' id='word_1_245' title='bbox 1222 4179 1255 4230; x_wconf 86' lang='lat' dir='ltr'>ct</span> 
     </span>
     <span class='ocr_line' id='line_1_36' title="bbox 300 4268 1255 4357; baseline -0.003 -25"><span class='ocrx_word' id='word_1_246' title='bbox 300 4286 437 4335; x_wconf 88' lang='lat' dir='ltr'>cometes</span> <span class='ocrx_word' id='word_1_247' title='bbox 452 4286 609 4357; x_wconf 86' lang='lat' dir='ltr'>praeterea</span> <span class='ocrx_word' id='word_1_248' title='bbox 630 4270 812 4335; x_wconf 89' lang='lat' dir='ltr'>exitialibus</span> <span class='ocrx_word' id='word_1_249' title='bbox 833 4270 970 4334; x_wconf 86' lang='lat' dir='ltr'>flammis</span> <span class='ocrx_word' id='word_1_250' title='bbox 987 4270 1053 4333; x_wconf 86' lang='lat' dir='ltr'>visa</span> <span class='ocrx_word' id='word_1_251' title='bbox 1074 4281 1121 4333; x_wconf 89' lang='lat' dir='ltr'>est</span> <span class='ocrx_word' id='word_1_252' title='bbox 1144 4268 1255 4331; x_wconf 89' lang='lat' dir='ltr'>ardere</span> 
     </span>
     <span class='ocr_line' id='line_1_37' title="bbox 344 4392 796 4439; baseline -0.002 -4"><span class='ocrx_word' id='word_1_253' title='bbox 344 4392 417 4437; x_wconf 75' lang='lat' dir='ltr'>vot.</span> <span class='ocrx_word' id='word_1_254' title='bbox 437 4392 490 4439; x_wconf 90' lang='lat'>111.</span> <span class='ocrx_word' id='word_1_255' title='bbox 779 4392 796 4434; x_wconf 81' lang='lat' dir='ltr'>r</span> 
     </span>
    </p>
   </div>
   <div class='ocr_carea' id='block_1_5' title="bbox 0 0 1696 5234">
    <p class='ocr_par' dir='ltr' id='par_1_5' title="bbox 0 0 1696 5234">
     <span class='ocr_line' id='line_1_38' title="bbox 0 0 1696 5234; baseline 0 5"><span class='ocrx_word' id='word_1_256' title='bbox 0 0 1696 5234; x_wconf 95' lang='lat' dir='ltr'> </span> 
     </span>
    </p>
   </div>
  </div>
 </body>
</html>
