3384 5234
368 684 440 731 car.
456 665 505 745 re]
717 681 971 726 eonrcnurrcus.
1260 668 1317 729 191

369 834 584 899 testimonium
612 841 670 895 est,
717 832 798 895 Inde
828 842 877 895 est
897 831 997 894 illud:
1029 832 1193 895 Mmauus
1220 831 1324 895 omnis

366 934 551 998 adulatione
567 932 789 1014 corrumpitur,
803 942 858 994 ant
873 931 1057 1015 corrumpit.
1101 932 1196 995 Certe
1212 932 1239 995 si
1254 953 1320 995 non

367 1036 481 1112 verbis,
496 1040 632 1118 possunt
647 1053 759 1095 omnes
773 1031 983 1095 fraudulentis
997 1032 1182 1095 muneribus
1197 1053 1320 1115 expug÷

365 1138 442 1200 nari.
486 1137 532 1198 Et
554 1154 635 1218 qnos
658 1134 849 1195 munuscula
870 1155 934 1195 non
958 1133 1127 1218 dejiciunt,
1146 1134 1321 1197 honoribus

366 1237 546 1320 capiuntur.
597 1233 694 1297 Urbis
720 1233 876 1315 auspicia,
898 1235 1066 1314 sacrilegio
1094 1233 1267 1318 parricidii,
1289 1244 1321 1297 et

366 1340 494 1401 fraterni
517 1336 683 1417 sanguinis
711 1354 834 1412 cruore,
861 1335 1048 1398 numinibus
1073 1336 1141 1398 suis
1163 1336 1320 1398 Romulus

369 1436 577 1502 consecravit.
596 1435 725 1498 Deinde
734 1435 909 1497 lemuribus
921 1435 1098 1511 infestatus,
1108 1435 1229 1497 honore
1238 1455 1320 1497 vano

370 1538 518 1601 simulata
546 1535 836 1599 communicatione
864 1534 1000 1619 imperii,
1025 1536 1151 1598 fratrem
1180 1537 1320 1619 placarit

368 1640 521 1703 occisum.
566 1638 650 1702 Suos
672 1658 802 1719 qnoque
826 1638 1048 1719 Imperatores,
1069 1657 1149 1719 qnos
1171 1635 1211 1699 de
1234 1658 1320 1700 more

368 1741 537 1803 Romanus
558 1739 696 1820 populus
715 1736 853 1799 fideliter
871 1736 1049 1821 jugulabat,
1065 1736 1227 1801 deificavit
1241 1738 1319 1801 fide·

367 1840 432 1901 lius
456 1837 543 1901 inani
567 1837 690 1915 solatio,
712 1836 880 1920 perfidiam
906 1847 1088 1918 praetexens
1109 1839 1321 1917 manifestam,

368 1938 502 2020 perinde
531 1958 569 2001 ac
600 1938 626 1999 si
657 1937 905 2000 sorbitiunculas
935 1938 977 2014 ei,
1005 1959 1101 2021 qnam
1135 1950 1321 2020 peremerat,

355 2039 576 2107 ministraret:
599 2058 718 2121 cosque
733 2038 966 2100 mentiebantur
976 2036 1009 2098 in
1025 2049 1140 2100 sortem
1158 2040 1320 2103 transiisse

369 2139 545 2211 numinum,
572 2138 660 2201 acsi
687 2138 770 2201 coelo
796 2159 855 2200 suo
878 2137 1062 2222 mundoque
1087 2140 1238 2219 regendo,
1259 2141 1321 2204 nisi

327 2272 328 2275 ¹
369 2239 512 2323 tyrannis
534 2237 678 2317 adscitis,
694 2238 924 2320 omnipotentis
945 2260 1011 2301 non
1034 2241 1175 2304 sufficiat
1196 2261 1319 2305 manus.

369 2340 461 2403 Facti
484 2349 559 2402 sunt
580 2360 657 2419 ergo
681 2336 746 2399 divi
771 2336 940 2419 indigetes,
963 2348 1029 2416 aut,
1052 2350 1088 2401 ut
1109 2341 1180 2402 aliis
1205 2342 1321 2423 placat,

367 2440 494 2511 beroea,
513 2460 593 2523 quos
606 2459 666 2501 nec
688 2437 783 2500 etiam
805 2437 947 2499 humana
966 2448 1050 2500 sorte
1071 2439 1187 2518 dignos
1201 2442 1329 2503 Roma·

367 2560 480 2602 norum
495 2537 631 2621 perfidia
650 2536 816 2619 reputavit.
862 2537 1014 2599 Tractnm
1030 2548 1078 2600 est
1092 2539 1169 2601 hinc
1192 2561 1320 2618 nomen,

369 2661 432 2723 quo
447 2640 613 2723 principes
628 2638 777 2701 virtutum
794 2637 904 2715 titulis,
919 2648 951 2699 et
965 2658 1046 2699 verae
1061 2636 1138 2700 fidei
1152 2639 1225 2701 lnce
1240 2661 1322 2722 prae·

370 2741 490 2820 signes,
505 2761 540 2802 se
555 2739 646 2803 diros
669 2738 952 2818 audeaut,1redum
975 2738 1136 2819 gaudeant
1157 2741 1320 2824 appellari,

370 2840 470 2903 veteri
482 2840 612 2923 quidem
627 2839 862 2904 consuetudine
874 2840 969 2902 etiam
980 2841 1015 2902 in
1026 2841 1115 2919 vitio,
1127 2851 1160 2905 et
1171 2842 1322 2904 adversus

368 2940 469 3003 fidem
493 2941 687 3004 catholicam
718 2942 893 3003 obtinente.
949 2941 984 3003 si
1010 2962 1083 3004 vero
1109 2942 1252 3004 veniatur
1280 2942 1321 3004 ad

369 3043 476 3120 verba,
487 3042 520 3103 in
536 3063 574 3104 eo
584 3041 653 3125 jam
669 3044 836 3104 Romanus
848 3041 1032 3104 Graecornm
1048 3042 1217 3123 perfidiam
1232 3052 1321 3106 ante·
1416 3081 1419 3087 ·

374 3141 472 3219 cedit,
488 3142 543 3225 qui
557 3162 596 3204 eo
611 3162 714 3225 usque
729 3140 883 3204 adulandi
898 3141 1092 3203 lenocinium
1116 3140 1237 3216 docuit,
1252 3151 1288 3204 nt
1303 3162 1323 3205 a

370 3240 467 3304 docili
492 3243 615 3324 populo
644 3239 817 3303 sacilimine
840 3251 1027 3305 transeatur.
1071 3244 1178 3305 Voces
1205 3242 1321 3325 quibus
1366 3280 1369 3285 ·

368 3342 539 3404 mentimur
552 3340 702 3418 dominis,
718 3341 793 3404 dum
814 3341 1065 3422 singularitatem
1080 3342 1200 3405 honore
1216 3344 1321 3406 multi·

369 3440 492 3503 tudinis
506 3440 705 3517 decoramus,
721 3442 808 3504 natio
824 3441 895 3505 haec
915 3442 1049 3519 invenit,
1064 3450 1096 3505 et
1111 3442 1153 3505 ad
1169 3442 1322 3507 finitimos

368 3548 579 3623 posterosque
605 3542 654 3604 sui
679 3543 818 3606 nominis
847 3543 1034 3606 auctoritate
1059 3541 1242 3607 transmisit.
1287 3544 1322 3609 si

369 3638 500 3723 qnando
524 3640 652 3723 quaeris,
679 3642 760 3705 illud
784 3644 842 3705 tibi
866 3653 993 3725 tempus
1015 3654 1169 3722 occurrat,
1191 3666 1255 3728 qno
1283 3645 1321 3709 C.

369 3740 488 3819 Caesar,
500 3762 624 3804 exuens
638 3744 748 3805 nescio
764 3764 804 3805 an
819 3743 990 3826 perficiens
1005 3743 1204 3819 dictatorem,
1214 3746 1323 3808 omnia

366 3838 483 3919 factus,
497 3843 605 3905 omnia
623 3845 804 3925 occupavit.
850 3844 943 3906 Illius
963 3856 1049 3908 certe
1074 3845 1225 3927 temporis
1244 3845 1322 3906 mihi
1369 3921 1371 3924 .

368 3961 454 4024 saepe
466 3942 606 4004 occurrit
617 3942 734 4023 imago,
746 3964 848 4026 quum
859 3944 900 4005 ad
911 3945 1098 4027 potentioris
1112 3953 1237 4022 nutum,
1247 3946 1323 4007 sub-

363 4041 524 4125 jectorum
539 4043 646 4104 omnia
658 4038 877 4125 disponantur,
888 4056 920 4105 et
930 4045 1006 4107 licet
1016 4044 1124 4107 animo
1135 4046 1323 4120 reluctante,

366 4140 401 4200 in
417 4140 540 4222 seipsos
562 4141 665 4223 parati
687 4152 764 4205 sunt
785 4142 887 4219 exilii,
902 4150 959 4203 aut
979 4143 1090 4205 mortis
1112 4142 1233 4204 dictare
1250 4162 1323 4203 scn-

371 4237 515 4309 tentiam.
558 4240 650 4303 Hinc
674 4241 793 4325 quippe
817 4248 959 4323 potestas
980 4239 1147 4313 terribilis3
1169 4240 1246 4301 hinc
1268 4261 1324 4302 an-
