3384 5234
412 696 475 754 2¹22
669 707 803 753 roanurs
820 705 1095 752 saansaanrnnsrs
1217 690 1299 769 [cna
1317 711 1358 755 1v.

409 857 517 923 ducit?
541 858 624 943 Ejus
634 879 771 944 namque
788 857 934 921 voluntas
949 858 980 920 in
997 857 1046 921 his
1062 857 1123 920 vim
1140 858 1233 923 debet
1244 859 1360 923 habere

403 959 533 1047 judicii:
550 974 582 1024 et
593 959 764 1025 rectissime
774 958 859 1045 quod
868 959 896 1022 ei
908 958 1046 1043 placetin
1055 958 1171 1023 talibus
1180 958 1360 1044 legisbabet

407 1060 559 1146 vigorem,
579 1084 616 1123 eo
636 1060 724 1145 quod
744 1060 785 1123 ab
805 1058 967 1145 aequitatis
987 1073 1091 1123 mente
1112 1060 1182 1144 ejus
1204 1062 1359 1125 sententia

407 1184 470 1224 non
486 1161 653 1225 discordet.
694 1165 744 1225 De
760 1163 851 1225 vultu
869 1173 937 1241 tuo,
947 1160 1063 1246 inquit,
1075 1161 1233 1247 judicium
1251 1185 1357 1225 meum

407 1264 550 1346 prodeat,
564 1261 648 1325 oculi
664 1265 712 1326 tui
726 1261 856 1325 videant
879 1260 1072 1345 aequitatem.
1117 1260 1227 1325 Judex
1243 1262 1357 1326 etenim

405 1364 608 1448 incorruptus
623 1374 683 1438 est,
698 1362 791 1447 cujus
806 1362 963 1426 sententia
977 1385 1015 1425 ex
1032 1361 1297 1447 contemplatione
1312 1384 1359 1427 as-
1471 1422 1476 1430 .

407 1462 506 1545 sidua,
516 1467 622 1548 imago
633 1477 682 1527 est
698 1462 869 1546 aequitatis.
902 1462 1044 1527 Publicae
1053 1486 1130 1547 ergo
1142 1463 1291 1528 utilitatis
1302 1464 1361 1526 mi·

406 1568 550 1646 nister,et
560 1565 719 1652 aequitatis
729 1588 839 1629 servus
849 1564 1097 1650 estprinceps,et
1107 1564 1139 1627 in
1149 1588 1360 1650 eopersonam

406 1667 566 1756 publicam
587 1667 680 1753 gerit,
695 1666 782 1753 quod
798 1667 940 1730 omnium
962 1664 1093 1751 injurias
1109 1678 1141 1730 et
1164 1665 1290 1745 damna,
1306 1668 1360 1731 sed

406 1781 438 1834 et
453 1766 584 1831 crimina
593 1767 699 1830 omnia
715 1764 865 1851 aequitate
877 1765 980 1828 media
995 1765 1097 1851 punit.
1120 1765 1221 1851 Virga
1232 1790 1361 1853 quoque

407 1870 476 1956 ejus
491 1883 523 1933 et
538 1867 683 1945 baculus,
699 1866 843 1931 adhibita
864 1865 1080 1930 moderatione
1098 1868 1273 1955 sapientiae,
1288 1892 1361 1933 con·

408 1984 527 2035 tractus
541 1970 680 2035 omnium
697 1983 728 2032 et
743 1992 865 2032 errores
880 1969 921 2032 ad
937 1969 1020 2032 viam
1044 1970 1170 2035 reducit
1185 1974 1360 2056 aequitatiS,

408 2084 444 2137 ut
470 2072 583 2135 merito
610 2074 761 2155 potestati
790 2070 920 2155 spiritus
948 2072 1201 2156 congratuletur,
1231 2073 1357 2135 dicens:

407 2173 506 2257 Virga
517 2173 577 2238 'tua
587 2185 617 2236 et
634 2170 766 2235 baculus
779 2188 855 2236 tuus
870 2175 939 2257 ipsa
950 2195 1000 2236 me
1011 2173 1171 2237 consolata
1186 2185 1270 2237 sunt.
1296 2172 1360 2237 Sed

406 2287 438 2339 et
452 2274 584 2360 clypeus
598 2274 666 2359 ejus
681 2273 772 2339 fortis
786 2273 929 2359 quidem,
946 2274 1000 2337 sed
1017 2274 1213 2338 infirmorum
1228 2273 1360 2359 clypeus

406 2389 465 2457 est,
479 2390 511 2440 et
533 2377 588 2462 qui
610 2375 851 2461 malignantium
870 2375 978 2460 jacula
993 2398 1051 2462 pro
1072 2376 1290 2451 innocentibus
1305 2400 1361 2463 po-

409 2489 511 2542 tenter
526 2478 674 2562 excipiat.
719 2475 867 2543 Officium
885 2500 1014 2563 quoque
1037 2479 1107 2564 ejus
1119 2477 1182 2540 illis
1198 2480 1254 2563 qui
1270 2480 1361 2543 mini-

407 2603 495 2645 mum
510 2592 655 2665 possunt,
669 2578 844 2665 plurimum
868 2578 1009 2663 prodest,
1024 2592 1055 2643 et
1078 2580 1152 2659 illis,
1167 2579 1223 2666 qui
1247 2602 1359 2644 nocere

406 2682 598 2757 desiderant,
610 2679 783 2767 plurimum
793 2680 991 2744 adversatur.
1016 2681 1088 2744 Non
1100 2704 1176 2765 ergo
1188 2680 1253 2745 sine
1264 2704 1360 2745 causa

406 2784 549 2869 gladium
564 2794 682 2869 portat,
699 2806 764 2868 quo
784 2783 968 2846 innocenter
983 2783 1167 2868 sanguinem
1189 2782 1307 2859 fundit,
1324 2796 1361 2848 ut

407 2899 511 2950 tamen
536 2886 583 2950 vir
599 2885 789 2968 sanguinum
813 2906 876 2947 non
893 2883 945 2963 sit,
959 2892 992 2945 et
1013 2884 1156 2947 homines
1177 2883 1362 2970 frequenter

407 2986 541 3063 occidat,
558 2998 671 3050 utnon
687 2986 828 3049 incurrat
848 3005 964 3047 nomen
979 2983 1140 3048 homicidii
1163 2985 1212 3048 vel
1229 2999 1362 3050 reatum.

409 3088 442 3152 Si
457 3088 539 3152 enim
552 3110 668 3170 magno
682 3087 822 3151 creditur
839 3084 1036 3170 Augustino,
1050 3085 1156 3150 David
1173 3086 1221 3149 vir
1237 3087 1363 3172 sangui-

407 3210 483 3253 num
499 3189 605 3254 dictus
620 3203 679 3265 est,
691 3211 753 3252 non
769 3199 901 3274 propter
917 3186 1010 3263 bella,
1023 3185 1078 3249 sed
1094 3198 1225 3272 propter
1238 3190 1360 3254 Uriam.

407 3292 453 3355 Et
476 3289 606 3356 Samuel
632 3312 787 3376 nusquam
819 3289 869 3351 vir
893 3289 1098 3371 sanguinum,
1121 3301 1177 3353 aut
1204 3289 1364 3353 homicida

407 3392 566 3468 scribitur,
590 3390 663 3456 licet
689 3394 782 3474 Agag
806 3388 1051 3474 pinguissimum
1077 3412 1184 3473 regem
1212 3390 1363 3454 Amalech

407 3493 611 3558 interfecerit.
650 3494 714 3557 Hic
730 3489 886 3577 siqnidem
903 3489 1031 3574 gladius
1045 3502 1093 3554 est
1108 3491 1274 3566 columbae,
1292 3515 1364 3579 quae

408 3593 473 3655 sine
484 3591 557 3653 felle
566 3591 702 3666 rixatur,
714 3590 780 3653 sine
791 3588 955 3653 iracundia
966 3588 1050 3666 ferit,
1063 3603 1094 3653 et
1106 3612 1207 3675 quum
1221 3591 1363 3667 dimicat,

407 3690 527 3755 nullam
549 3691 676 3753 omnino
702 3691 840 3777 concipit
866 3691 1122 3754 amaritudinem.
1167 3694 1251 3754 Nam
1279 3691 1363 3754 sicut

407 3793 462 3857 lex
483 3791 594 3877 culpas
616 3793 818 3876 persequitur
841 3792 906 3855 sine
928 3791 1001 3855 odio
1023 3812 1242 3877 personarum,
1265 3790 1364 3857 itaet

408 3894 554 3980 princeps
584 3891 804 3976 delinquentes
830 3891 1003 3955 rectissime
1031 3890 1137 3976 punit,
1164 3911 1227 3952 uon
1252 3890 1363 3976 aliquo

406 3991 579 4058 iracundiae
600 4005 702 4074 motu,
717 3994 771 4057 sed
795 4007 968 4057 mansuetae
991 3990 1068 4075 legis
1089 3990 1233 4055 arbitrio.
1279 3992 1361 4054 Nam

407 4099 465 4160 etsi
487 4117 558 4159 suos
580 4094 727 4181 princeps
750 4095 896 4160 videatur
918 4093 1035 4157 habere
1056 4095 1193 4168 lictores,
1214 4093 1282 4178 ipse
1306 4107 1363 4157 aut

405 4199 489 4263 solus
511 4210 566 4260 aut
589 4196 769 4282 praecipuus
791 4193 969 4259 credendus
994 4207 1041 4257 est
1063 4194 1166 4273 lictor,
1189 4195 1240 4258 cui
1264 4194 1363 4258 ferire

406 4300 527 4364 licitum
553 4308 612 4374 est,
640 4319 696 4383 per
722 4297 921 4382 suppositam
948 4317 1089 4360 manum.
1134 4299 1181 4360 Ut
1208 4295 1292 4361 enim
1319 4294 1361 4358 ad
