3384 5234
369 646 438 691 car.
458 628 495 709 1.]
718 642 972 689 convenarrcus.
1282 628 1319 686 17

369 798 429 861 sim
455 818 513 882 pro
538 797 758 880 indigentibus
785 817 852 873 oro,
874 807 911 859 ut
935 806 1026 858 actus
1052 804 1085 857 et
1109 794 1321 876 cogitationes

367 909 500 979 nostras,
517 899 722 981 omnipotens
735 905 769 962 et
789 897 954 960 miserator
975 893 1066 958 Deus
1087 896 1257 973 emundet;
1287 905 1320 959 et

367 1022 408 1064 ne
430 1001 578 1065 vitiorum
600 1000 761 1084 rapiamur
784 998 951 1073 erroribus,
974 996 1088 1079 spiritu
1113 1018 1172 1060 suo
1197 1008 1319 1061 mentes

369 1113 490 1169 nostras
504 1103 662 1167 illustrare
678 1102 826 1183 dignetur
842 1101 949 1181 magni
964 1096 1088 1162 consilii
1104 1100 1247 1182 augelus.

474 1397 555 1461 (iar.
575 1400 601 1458 1.
627 1394 717 1463 Quid
729 1394 874 1456 maxime
888 1394 1205 1475 noceatfortaaotir.

412 1513 523 1577 quen
538 1515 646 1577 omnia
667 1534 737 1596 quar
754 1512 832 1574 viris
848 1512 952 1574 solent
974 1512 1086 1574 obesse
1110 1510 1319 1594 principibus,

368 1616 450 1679 nihil
471 1616 682 1699 perniciosius
703 1634 772 1677 essa
796 1613 940 1686 arbitror,
965 1632 1060 1695 quam
1082 1611 1170 1695 quod
1192 1612 1238 1675 eis
1260 1612 1321 1675 for-

368 1729 454 1783 tuuae
476 1717 671 1781 blandientis
694 1716 847 1780 illecebra
872 1726 1037 1796 aspectum
1064 1713 1221 1778 subtrahit
1243 1716 1319 1777 veri·

369 1820 454 1897 tatis,
469 1819 544 1883 dum
568 1818 694 1883 divitias
712 1828 835 1881 suaset
857 1817 983 1881 delitias
1006 1816 1150 1899 congerit
1171 1815 1321 1893 mundus,

372 1922 489 2006 quibus
505 1920 633 1985 delicati
649 1941 762 1984 sensus
777 1920 971 2002 pruriginem
987 1918 1129 1982 vicissim
1144 1918 1274 1996 refovet,
1289 1931 1321 1981 et

369 2023 528 2101 accendit,
550 2035 586 2086 ut
610 2023 735 2086 animus
759 2022 931 2104 multiplici
957 2022 1187 2085 lenociniorum
1210 2019 1320 2084 fraude
1396 2074 1400 2083 .

370 2136 492 2211 captus,
518 2124 657 2208 quadam
683 2123 877 2188 alienatione
904 2124 963 2196 sui,
990 2126 1031 2187 ab
1058 2123 1208 2187 interiore
1233 2124 1320 2187 bono

369 2226 532 2305 deficiens,
559 2246 619 2309 per
648 2226 807 2290 exteriora
844 2225 1013 2288 mendacia
1035 2225 1130 2287 variis
1152 2226 1321 2309 concupis·

369 2328 483 2391 centiis
508 2338 665 2411 evagetur.
719 2328 869 2390 Nouerca
899 2325 1058 2411 siquidem
1084 2326 1207 2389 virtutis
1231 2344 1321 2409 pros·

366 2430 496 2511 peritas,
520 2429 658 2493 beatulis
684 2428 750 2491 suis
776 2428 821 2491 sic
849 2428 1028 2511 applaudit,
1054 2439 1089 2491 ut
1117 2440 1250 2491 noceat:
1289 2437 1322 2490 et

368 2530 490 2594 infelici
505 2551 656 2594 successu
671 2528 717 2594 sic
732 2530 766 2592 in
780 2529 832 2592 via
846 2529 1014 2592 fortunatis
1030 2530 1226 2613 obsequitur,
1238 2540 1273 2593 ut
1286 2530 1320 2594 in

367 2630 431 2693 fine
453 2631 627 2713 perniciem
649 2638 807 2715 operetur,
824 2630 967 2692 convivis
985 2630 1051 2693 suis
1071 2631 1112 2693 ab
1135 2630 1226 2693 initio
1249 2651 1321 2712 pro·

368 2733 483 2816 pinans
499 2732 615 2806 dulcia,
632 2743 663 2797 et
686 2753 785 2816 quum
807 2732 956 2795 inebriati
978 2731 1104 2810 fuerint,
1119 2733 1214 2796 letale
1237 2732 1323 2795 virus

369 2833 492 2910 miscet,
508 2843 539 2897 et
561 2834 587 2896 si
610 2834 688 2918 quid
711 2833 852 2896 deterius
875 2843 939 2896 est:
972 2856 1036 2917 quo
1059 2834 1168 2917 specie
1185 2833 1235 2896 sui
1257 2834 1322 2898 cla·

371 2934 468 2997 rescit
505 2935 651 3018 amplius,
683 2956 722 2997 eo
760 2936 965 3018 stupentibus
1002 2934 1105 2997 oculis
1143 2933 1322 2997 densiorem

370 3037 510 3101 insundit
536 3038 717 3119 caliginem.
772 3037 1053 3101 Invalescentibus
1078 3057 1154 3118 ergo
1183 3058 1323 3100 errorum

370 3140 523 3219 tenebris,
537 3140 650 3203 veritas
665 3140 837 3217 evanescit,
852 3150 885 3202 et
898 3138 1048 3201 virtutum
1064 3138 1170 3203 radice
1185 3139 1321 3213 succisa,

370 3261 460 3323 seges
483 3241 638 3322 germinat
658 3241 816 3322 vitiorum,
831 3243 938 3304 lumen
961 3240 1090 3304 rationis
1113 3240 1322 3322 extinguitur,

370 3354 404 3408 et
416 3354 502 3408 totus
516 3345 614 3408 homo
630 3366 707 3409 casu
721 3346 895 3409 miserabili
911 3346 1008 3409 fertur
1022 3346 1054 3408 iu
1069 3367 1225 3430 praeceps.
1268 3347 1321 3410 Sic

368 3444 531 3508 rationalis
546 3455 689 3508 creatura
704 3446 870 3523 brutescit,
885 3446 931 3509 sie
948 3447 1054 3530 imago
1070 3448 1219 3511 creatoris
1243 3469 1321 3532 qua·

368 3544 442 3607 dam
457 3566 578 3608 morum
594 3544 804 3608 similitudine
819 3545 1013 3610 deformatur
1027 3547 1059 3609 in
1077 3547 1225 3627 bestiam,
1242 3550 1288 3613 sic
1305 3571 1325 3613 a

370 3645 563 3711 conditionis
588 3668 653 3710 suae
681 3645 836 3727 dignitate
863 3647 1035 3729 degenerat
1058 3647 1167 3726 homo,
1190 3652 1322 3717 vanitati

370 3746 482 3809 similis
495 3747 610 3825 factus,
625 3768 664 3810 eo
680 3746 767 3831 quod
783 3768 826 3810 ex
844 3747 967 3810 'honore
983 3745 1101 3811 collato
1115 3748 1276 3831 intumuit,
1292 3765 1324 3817 et

367 3860 517 3912 atumore
526 3847 669 3931 perdidit
677 3847 885 3912 intellectum.
919 3848 1000 3921 Quis
1009 3849 1094 3912 enim
1104 3871 1143 3913 eo
1152 3851 1325 3936 indignior,

367 3947 423 4030 qui
438 3947 488 4011 sui
497 3948 600 4032 ipsius
611 3946 789 4011 contemnit
799 3948 916 4017 lrabere
928 3947 1095 4013 notitiam?
1107 3952 1173 4037 .qui
1184 3965 1324 4039 tempus,

367 4047 455 4130 quod
475 4068 572 4131 parca
586 4068 683 4111 manu
698 4046 809 4110 datum
833 4060 893 4127 est,
906 4048 948 4113 ad
973 4070 1154 4113 mensuram
1177 4053 1210 4116 in
1230 4074 1325 4119 usum

364 4148 449 4225 vitae,
463 4161 496 4213 et
515 4150 620 4213 solum
643 4147 783 4232 reparari
798 4168 863 4211 non
885 4159 1002 4230 potest,
1017 4151 1159 4215 usuraria
1183 4154 1324 4238 quadarn

365 4251 550 4315 accessione
572 4261 605 4315 et
628 4249 748 4334 poenali
770 4250 978 4333 repetendum
1002 4252 1037 4316 in
1056 4252 1129 4315 vitas
1152 4253 1324 4337 dispendia

410 4368 478 4415 von.
493 4372 546 4416 111.
835 4368 854 4413 c
1208 4364 1211 4374 “
