3384 5234
364 692 432 736 om.
449 676 510 750 v1.]
708 689 968 735 ronrcnarrcus.
1258 680 1321 737 23⁷

365 856 411 907 est
437 841 600 925 Princeps,
625 840 772 904 exclusus
801 841 842 904 ab
869 840 1011 917 ecclesia,
1037 854 1069 904 et
1097 840 1314 925 poenitentiam

364 957 492 1007 coactus
507 955 554 1006 est
570 940 698 1026 explere
717 940 887 1003 solennem.
933 941 995 1004 Sed
1019 941 1099 1024 quid
1122 964 1194 1004 eum
1218 955 1317 1006 tantae

364 1043 544 1109 necessitati
581 1044 783 1128 subjecerat?
829 1039 988 1105 Voluntas
1025 1041 1136 1127 utiquc
1176 1042 1318 1129 subjecta

359 1144 615 1231 justitiaeDei‚et
626 1144 766 1227 legiejus
778 1163 1009 1227 usquequaque
1018 1142 1249 1229 obtemperans.
1274 1147 1319 1209 Et

365 1249 425 1309 nisi
443 1269 516 1331 quae
533 1245 664 1309 metrica
677 1245 807 1307 levitate
822 1242 1018 1318 scribuntur,
1029 1243 1159 1308 duxeris
1174 1246 1320 1310 habenda

367 1346 553 1422 contemtui,
580 1368 619 1408 ex
645 1345 695 1407 his
721 1344 842 1429 quibus
871 1344 972 1407 filium
1000 1344 1128 1408 instruit
1155 1346 1242 1430 apud
1271 1346 1320 1409 Cl.

369 1448 595 1523 Claudianum,
618 1448 691 1532 quis
713 1446 782 1531 ipse
806 1446 836 1508 in
862 1446 997 1510 sacrario
1020 1469 1143 1510 morum
1167 1446 1319 1520 extiterit,

368 1554 479 1636 paucis
491 1571 651 1633 agnosces,
676 1551 826 1612 Ceterum
840 1571 941 1633 quum
954 1549 1125 1633 praemissae
1137 1549 1215 1634 legis
1227 1551 1322 1614 verba
1350 1619 1355 1629 ,

367 1652 506 1728 revolvo,
520 1652 642 1735 singula
656 1651 733 1714 mibi
747 1651 898 1715 videntur
912 1665 1038 1727 onusta,
1051 1664 1083 1716 et
1098 1653 1189 1736 quasi
1203 1653 1318 1737 spiritu

367 1752 586 1839 intelligentiae
611 1754 794 1819 faecundata
819 1754 917 1818 menti
947 1768 1129 1820 occurrunt.
1174 1756 1318 1820 Habebit

369 1880 456 1941 ergo,
471 1859 589 1942 inquit,
606 1880 712 1919 secum
735 1856 849 1940 legem,
873 1856 1042 1940 providens
1065 1880 1104 1919 ne
1126 1859 1167 1922 ad
1190 1858 1319 1922 damna·

368 1958 483 2022 tionem
512 1981 613 2034 suam,
629 1980 730 2043 quum
758 1980 825 2019 eam
853 1957 969 2021 habere
996 1980 1120 2021 necesse
1136 1959 1187 2039 sit,
1203 1959 1319 2024 habeat

369 2072 479 2124 contra
494 2083 536 2123 se.
581 2063 730 2123 Potentes
751 2060 868 2123 etenim
890 2072 1037 2144 potenter
1060 2073 1217 2126 tormenta
1239 2060 1321 2147 pati-

368 2176 470 2227 entur.
520 2160 561 2226 Et
574 2162 709 2246 adjecit;
735 2161 883 2246 legetque
897 2161 988 2226 illud.
1027 2164 1142 2248 Legem
1161 2163 1318 2250 siquidem

370 2266 484 2328 babere
499 2265 530 2327 in
546 2264 683 2327 mantica
698 2286 811 2349 parum
833 2263 974 2346 prodest,
990 2263 1049 2326 nisi
1064 2265 1200 2330 fideliter
1215 2278 1321 2329 custo·

368 2367 476 2431 diatur
491 2368 521 2430 in
538 2368 652 2429 anima.
698 2364 849 2449 Legenda
869 2378 916 2428 est
939 2388 1016 2448 ergo
1037 2367 1185 2430 omnibus
1207 2363 1321 2432 diebus

369 2470 441 2535 vitae
462 2493 538 2533 suae.
584 2472 637 2531 Ex
659 2466 779 2550 quibus
801 2465 925 2548 liquido
947 2479 1081 2542 constat,
1096 2490 1193 2551 quam
1216 2492 1321 2532 neces-

369 2572 449 2634 saria
479 2571 519 2633 sit
550 2566 754 2649 Principibus
784 2564 900 2648 peritia
928 2564 1104 2640 literarum,
1132 2568 1189 2650 qui
1219 2568 1320 2651 legem

370 2671 501 2736 Domini
531 2666 676 2753 quotidie
705 2667 867 2727 revolvere
897 2664 1029 2727 lectione
1055 2664 1221 2748 jubentur.
1278 2666 1321 2731 Et

367 2774 450 2837 forte
462 2762 549 2856 quod
564 2768 741 2830 sacerdotes
753 2766 853 2850 legem
867 2763 1011 2851 quotidie
1023 2768 1127 2850 legere
1133 2760 1320 2849 jubeantur,

370 2894 431 2934 non
461 2870 645 2954 frequenter
674 2867 824 2930 invenies.
884 2863 1036 2949 Princeps
1067 2889 1141 2929 vero
1175 2865 1321 2950 quotidie

371 2972 459 3056 legit,
486 2982 518 3034 et
542 2968 662 3033 cunctis
688 2960 801 3031 diebus
828 2968 914 3030 vitae.
969 2964 1056 3039 Quia
1084 2990 1149 3051 qna
1178 2967 1229 3030 die
1259 2990 1320 3032 non

370 3072 482 3155 legerit
498 3071 610 3154 legem,
628 3072 653 3133 ei
671 3092 733 3132 non
749 3070 817 3131 dies
831 3070 919 3143 vitae,
936 3068 991 3131 sed
1013 3068 1124 3133 mortis
1143 3081 1202 3132 est.
1248 3071 1322 3133 Hoc

370 3172 480 3257 utique
504 3171 569 3233 sine
590 3170 778 3234 difficultate
801 3169 971 3234 illiteratus
993 3191 1056 3233 non
1076 3170 1181 3234 faciet.
1226 3170 1323 3234 Unde

371 3288 402 3338 et
418 3274 449 3336 in
465 3273 576 3347 literis,
592 3295 671 3357 quas
686 3294 792 3356 regem
820 3271 1038 3335 Romanorum
1063 3270 1104 3334 ad
1125 3274 1322 3335 Francorum

370 3395 476 3457 regern
492 3371 703 3435 transmisisse
719 3370 832 3448 recolo,
849 3371 966 3456 quibus
981 3372 1170 3436 hortabatur
1193 3384 1230 3434 ut
1245 3371 1323 3436 libe-

370 3496 422 3535 ros
437 3495 510 3535 suos
525 3467 709 3533 liberalibus
724 3470 898 3555 disciplinis
912 3470 1037 3535 institui
1052 3484 1248 3556 procuraret,
1260 3471 1320 3535 hoc

370 3574 453 3635 inter
468 3585 583 3637 caetera
598 3571 758 3655 eleganter
773 3572 902 3656 adjecit,
918 3572 996 3658 quia
1019 3595 1076 3635 rex
1091 3572 1259 3638 illiteratus
1273 3588 1321 3638 est

370 3675 463 3760 quasi
487 3675 594 3737 asinus
613 3687 790 3738 coronatus.
836 3674 871 3738 Si
897 3686 1000 3737 tamen
1026 3697 1065 3736 ex
1090 3674 1323 3759 dispensatione

370 3777 412 3839 ob
441 3775 579 3860 egregiae
607 3774 734 3838 virtutis
765 3774 927 3847 meritum,
954 3772 1129 3859 principem
1158 3775 1322 3858 contingat

372 3898 437 3939 esse
463 3876 660 3949 illiteratum,
689 3875 824 3939 eundem
853 3875 906 3958 agi
932 3875 1145 3939 litteratorum
1173 3875 1323 3948 consiliis,

374 3990 409 4039 ut
424 3976 452 4038 ei
467 3999 517 4039 res
538 3991 624 4040 recte
648 3978 811 4061 procedat,
822 3980 950 4040 'necesse
964 3990 1021 4039 est.
1067 3977 1223 4040 Assistant
1248 3998 1324 4057 ergo

374 4077 402 4139 ei
429 4077 557 4140 Nathan
584 4079 752 4163 propheta,
776 4091 809 4140 et
834 4078 959 4142 Sadoch
984 4077 1139 4151 sacerdos
1162 4090 1194 4139 et
1216 4075 1325 4138 fideles

344 4205 347 4210 ·
375 4178 432 4240 filii
462 4179 703 4265 prophetarum,
730 4182 788 4263 qui
816 4202 888 4243 eum
917 4202 936 4240 a
965 4178 1033 4262 lege
1064 4176 1193 4240 Domini
1223 4175 1326 4238 diver-

376 4290 441 4339 tere
466 4300 527 4341 non
555 4279 729 4364 patiantur,
756 4292 787 4343 et
814 4301 909 4362 quam
935 4279 1003 4362 ipse
1029 4276 1128 4339 oculis
1157 4289 1189 4340 et
1219 4275 1324 4338 animo
