3384 5234
428 702 491 761 aot
685 712 821 759 scaurus
836 711 1116 757 saassnnnmnsrs
1248 692 1333 771 [cm.
1349 712 1381 755 v.

428 876 485 929 aut
506 864 674 929 brutorum
696 863 880 928 animalium
910 886 970 948 ope
994 864 1188 948 movebitur.
1234 862 1331 927 Ponit
1345 862 1380 926 in

430 966 515 1030 bunc
530 964 671 1046 modum,
685 989 772 1030 more
794 989 864 1047 sno,
878 989 975 1052 qnam
992 965 1140 1052 plurima,
1154 987 1229 1051 quae
1243 964 1378 1051 diligen-

428 1068 493 1132 tius
508 1067 671 1132 diffusiore
686 1078 824 1133 tractatu
838 1069 1056 1155 prosequitur,
1068 1068 1110 1131 ad
1120 1066 1378 1132 informationem

430 1168 641 1256 Reipublicae,
677 1183 708 1234 et
739 1169 982 1254 magistratuum
1013 1170 1237 1234 eruditionem.
1296 1170 1379 1247 Quae

428 1270 534 1335 omnia
549 1269 728 1356 syllabatim
744 1272 871 1355 exequi,
888 1270 1010 1335 servilis
1031 1269 1303 1356 interpretationis
1317 1282 1378 1346 est,

429 1394 502 1457 quae
524 1370 631 1457 potius
646 1371 772 1437 affectat
787 1371 935 1457 speciem,
951 1395 1049 1458 quam
1065 1372 1149 1437 vires
1163 1371 1303 1435 auctoris
1324 1394 1381 1435 ex-

428 1475 574 1560 primere.
619 1474 664 1538 Et
680 1473 756 1559 qnia
770 1472 858 1560 apud
881 1473 985 1559 ipsum
1000 1474 1041 1537 de
1055 1471 1249 1549 ceremoniis,
1265 1484 1297 1536 et
1312 1470 1380 1535 cul-

428 1586 501 1639 tura
524 1576 678 1655 Deorum,
698 1574 793 1661 plura
815 1597 889 1661 qnae
915 1575 1063 1660 religioso
1084 1574 1219 1662 principi
1241 1573 1380 1660 putabat

427 1676 609 1761 ingerenda,
626 1676 878 1762 superstitiosius
898 1677 1062 1763 disputata
1076 1686 1161 1756 sunt,
1181 1676 1230 1739 his
1243 1676 1379 1751 omissis,

427 1801 502 1864 qnae
524 1778 564 1842 ad
586 1777 774 1843 idololatriae
795 1782 920 1842 cultum
940 1779 1112 1863 pertinent,
1129 1777 1381 1864 perstringamus

429 1879 567 1944 breviter
596 1902 722 1945 sensum
752 1880 900 1957 bominis,
923 1903 989 1966 quo
1014 1880 1201 1966 principem,
1221 1892 1253 1945 et
1275 1878 1379 1945 officia

428 1980 627 2065 Reipublicae
642 1982 683 2046 ad
698 1981 820 2046 cultum
832 1981 970 2068 justitiae
985 1982 1188 2047 informabat.

428 2284 509 2367 Cap.
524 2291 555 2349 3.
582 2284 665 2352 Quae
676 2288 845 2368 praecipuc
859 2295 1027 2352 veremur
1040 2292 1077 2353 in
1097 2291 1276 2355 intentione
1297 2289 1380 2352 Plu·

470 2388 593 2450 tarcln‘:
624 2396 655 2451 et
678 2391 717 2450 dc
738 2392 916 2454 reuerentia
939 2391 1117 2455 cohibendo
1138 2391 1218 2470 Deo,
1239 2390 1380 2454 etratus

471 2509 584 2554 cuens.

472 2660 512 2725 ln
527 2684 650 2726 summa
664 2684 741 2748 ergo
759 2675 899 2747 quatuor
914 2678 1001 2745 sunt,
1016 2689 1088 2751 quae
1103 2664 1216 2731 nititur
1233 2662 1377 2748 Reipub-

427 2760 496 2826 licae
518 2761 716 2848 principibus
737 2762 916 2826 inculcare:
939 2765 1147 2828 reverentiam
1162 2765 1237 2841 Dei,
1253 2762 1376 2827 cultum

426 2863 486 2939 sui,
514 2862 711 2949 disciplinam
734 2862 931 2942 officialium,
953 2878 985 2929 et
1000 2876 1205 2952 potestatum,
1228 2865 1376 2931 affectum

426 2981 459 3030 et
478 2965 711 3050 protectionem
731 2963 947 3033 subditorum.
992 2972 1099 3033 Deum
1119 2990 1196 3053 ergo
1209 2969 1242 3031 in
1262 2966 1376 3053 primis

426 3067 536 3132 asserit
558 3067 789 3147 honorandum,
811 3066 927 3133 deinde
948 3069 1085 3157 seipsum
1115 3070 1283 3135 colendum
1307 3069 1377 3133 uni-

426 3169 552 3253 cnique,
570 3181 605 3233 ut
620 3168 794 3233 secundum
810 3168 897 3254 quod
913 3171 1091 3258 Apostolus
1100 3173 1206 3251 sentit,
1221 3172 1308 3255 (licet
1322 3170 1377 3235 ille

427 3268 621 3356 Apostolum
636 3291 698 3332 non
714 3276 876 3353 agnoscat)
894 3273 1115 3359 unnsquisque
1125 3296 1181 3338 vas
1195 3296 1288 3339 suum
1303 3295 1375 3358 pos·

426 3372 527 3437 sideat
538 3374 571 3435 in
582 3369 826 3436 sanctificatione
837 3384 868 3437 et
881 3373 1008 3440 bonore.
1055 3377 1143 3453 Post,
1155 3388 1190 3442 ut
1200 3376 1375 3440 doctrinam

426 3469 589 3558 praepositi
605 3469 703 3535 totins
717 3469 887 3557 disciplina
900 3471 1014 3540 domus
1033 3474 1185 3553 redoleat,
1199 3488 1230 3541 et
1247 3473 1375 3540 tandem

427 3573 614 3639 universitas
629 3572 856 3659 subjectorum,
870 3574 911 3639 de
925 3576 1039 3662 capitis
1056 3578 1299 3664 praepositorum
1315 3576 1375 3639 sibi

426 3672 644 3737 incolumitate
672 3673 809 3740 laetetur.
856 3676 1051 3761 Magnorum
1080 3699 1210 3762 quoque
1233 3677 1374 3738 virorum

426 3776 704 3859 strategematibus
721 3792 753 3842 et
773 3779 1035 3859 strategematicis
1050 3777 1165 3852 ntitnr,
1188 3798 1259 3861 qnae
1276 3775 1374 3857 siper

425 3876 552 3960 singula
566 3875 755 3956 inserantur,
770 3877 903 3942 taediosa
916 3890 1011 3941 eruut
1025 3877 1146 3953 lectori,
1162 3889 1194 3940 et
1208 3898 1268 3962 pro
1283 3891 1374 3961 parte

425 4002 445 4044 a
470 3979 543 4042 fidei
566 3992 683 4044 nostrae
698 3978 875 4042 sinceritate
897 3977 1055 4044 recedent.
1101 3980 1274 4054 Caeterum,
1297 3979 1375 4063 quia

425 4080 524 4147 sancti
555 4093 671 4166 patres,
701 4091 733 4142 et
769 4077 951 4164 principum
979 4078 1076 4165 leges,
1113 4079 1199 4143 illius
1235 4079 1374 4144 deducta

426 4194 530 4244 tamen
542 4181 687 4266 persidia,
700 4178 849 4243 videntur
864 4180 1019 4246 inhaerere
1032 4182 1187 4267 vestigiis,
1198 4182 1372 4248 doctrinam

425 4284 504 4370 ejus,
522 4305 662 4350 sermone
677 4280 831 4346 catholico
846 4296 878 4349 et
895 4284 1063 4363 succincto,
1082 4285 1213 4371 adjectis
1228 4309 1267 4350 ex
1285 4297 1374 4371 parte
