3384 5234
371 666 441 710 can.
457 646 519 725 xa]
720 662 972 707 ronroaarrcus.
1260 652 1322 709 309

361 814 510 899 ¹judicem
525 827 651 901 oportet
666 836 731 877 esse
747 814 1029 900 religiosissimum,
1045 815 1144 899 etqui
1158 838 1250 878 omne
1265 815 1325 879 ini-

372 942 470 1003 quum
485 930 585 983 morte
609 920 679 1003 ipsa
700 918 804 999 magis
824 918 936 983 oderit.
980 918 1065 991 Quia
1080 939 1154 1001 ergo
1169 918 1322 1005 praesides

370 1021 561 1085 ordinariam
582 1022 702 1084 habeut
722 1020 991 1105 jurisdictionem,
1015 1022 1064 1083 vel
1086 1021 1169 1105 juris
1192 1022 1322 1086 dicendi

370 1132 568 1205 potestatem,
585 1121 727 1206 ipsorum
743 1134 775 1187 et
782 1123 934 1206 judicum
950 1123 1084 1186 aliorum
1100 1145 1164 1186 una
1186 1134 1235 1187 est
1248 1146 1321 1208 spe-

370 1226 500 1301 culatio,
515 1232 546 1287 et
562 1223 648 1307 quod
664 1224 704 1288 de
719 1224 770 1287 his
785 1223 913 1301 dicitur,
927 1224 1023 1288 facile
1039 1224 1079 1288 ad
1095 1226 1229 1288 aliorum
1244 1248 1321 1289 con·

370 1326 570 1409 sequentiam
595 1325 736 1391 trabitur.
783 1328 844 1390 Est
870 1327 978 1410 itaque
1002 1328 1140 1410 primum
1165 1324 1250 1411 quod
1278 1350 1321 1393 ex

369 1425 562 1489 necessitate
593 1427 690 1489 officii
719 1428 861 1511 utrisque
890 1426 1052 1505 indicitur,
1075 1438 1110 1490 ut
1128 1426 1264 1511 justitiae
1287 1430 1322 1491 in

370 1527 520 1590 omnibus
534 1538 690 1611 pareatur,
706 1539 738 1592 et
756 1529 836 1592 nibil
853 1549 961 1592 eorum
983 1549 1055 1613 quae
1078 1529 1223 1593 facienda
1237 1541 1323 1609 sunt,

370 1626 491 1691 fiatad
516 1630 664 1711 pretium.
710 1630 796 1692 Nam
819 1628 909 1713 quod
938 1629 1092 1713 injustum
1124 1642 1182 1704 est,
1205 1652 1322 1715 usque·

371 1752 497 1815 quaque
523 1752 590 1794 nou
616 1732 702 1811 licet,
728 1743 764 1795 ut
789 1753 847 1796 nec
879 1751 938 1814 pro
968 1732 1134 1813 temporali
1163 1732 1229 1795 vita
1254 1732 1323 1795 fieri

369 1833 475 1897 liceat.
522 1832 617 1905 Quod
639 1856 713 1897 vero
733 1834 858 1919 justum
881 1843 940 1908 est,
962 1832 1119 1896 mercedis
1144 1835 1323 1899 interventu

370 1957 433 1997 nou
455 1933 588 2019 indiget,
604 1959 700 2021 quum
713 1958 770 2021 per
784 1958 818 1999 se
829 1935 900 1999 fieri
920 1934 1046 2015 debeat,
1061 1946 1093 1999 et
1111 1936 1259 2020 iniquum
1280 1940 1321 1999 sit

370 2038 506 2101 vendere
527 2039 615 2122 quod
638 2038 780 2102 debetur.
825 2037 988 2101 Justitiam
1008 2059 1083 2119 ergo
1105 2037 1241 2102 vendere
1262 2039 1322 2101 ini-

370 2139 474 2223 quitas
496 2150 564 2216 est3
592 2139 791 2224 injustitiam,
813 2141 923 2225 iniqua
945 2141 1080 2203 insania.
1119 2142 1202 2205 Haec
1225 2142 1323 2226 siqui-

370 2239 444 2302 dem
466 2241 585 2324 ubique
605 2243 775 2324 reprobata
792 2253 852 2317 est,
873 2251 909 2306 ut
930 2264 1088 2326 nusquam
1104 2262 1174 2305 esse
1195 2242 1323 2320 debeat,

370 2343 426 2407 illa
454 2343 574 2425 ubique
604 2343 712 2407 debita
738 2354 798 2419 est,
822 2353 859 2406 ut
889 2344 958 2407 sine
989 2346 1108 2408 scelere
1135 2344 1231 2409 vendi
1255 2368 1323 2409 non

371 2447 482 2527 possit.
527 2446 643 2529 Neque
670 2446 755 2509 enim
782 2446 917 2508 Balaam
937 2467 978 2507 ex
1001 2467 1039 2508 eo
1059 2448 1218 2527 culpatur,
1237 2449 1324 2530 quod

369 2549 481 2633 populi
497 2548 562 2611 Dei
588 2568 716 2610 cansam
748 2545 1018 2622 condemnaverit,
1043 2545 1169 2608 aliudve
1194 2545 1324 2627 dixerit,

370 2671 464 2733 quam
488 2648 576 2732 quod
600 2646 760 2709 Dominus
789 2645 976 2728 inspirabat,
1001 2644 1057 2707 sed
1089 2646 1164 2728 quia
1193 2648 1324 2711 avaritia

370 2758 553 2812 excaecatus
568 2759 627 2825 est,
641 2746 819 2810 infidelium
835 2768 965 2810 causam
982 2747 1142 2811 instruens
1159 2751 1321 2831 quomodo

371 2851 412 2914 ad
435 2848 674 2933 provocandum
699 2849 777 2911 iram
805 2848 869 2911 Dei
896 2848 1096 2933 delinqueret
1120 2851 1231 2925 Israel,
1256 2851 1324 2915 dic·

370 2961 459 3013 tante
485 2950 606 3013 malitia
631 2949 820 3032 procuravit.
870 2949 1039 3020 Quaerebat
1063 2970 1137 3030 ergo
1161 2951 1322 3033 quomodo

365 3051 451 3134 juste
470 3051 658 3136 justificaret
678 3072 807 3113 causam
832 3050 935 3132 impii,
951 3060 984 3113 et
1006 3051 1098 3133 quasi
1119 3051 1213 3114 illuso
1236 3052 1322 3129 Deo,

370 3154 502 3235 gratiam
517 3152 585 3236 ejus
600 3150 798 3216 subtraheret
812 3151 933 3215 electis.
978 3154 1045 3215 Aut
1064 3152 1092 3215 si
1106 3152 1237 3216 adversa
1249 3154 1319 3238 jus-

369 3256 486 3320 tificari
500 3276 564 3318 non
579 3266 689 3339 posset
709 3275 816 3333 causa,
830 3255 892 3317 hoc
910 3256 1022 3317 saltem
1038 3256 1165 3337 agebat,
1181 3267 1218 3319 ut
1232 3269 1264 3320 et
1278 3258 1319 3321 ab

369 3358 432 3420 ista
448 3355 613 3420 recederet
635 3356 733 3419 Deus.
780 3355 1081 3437 Compuguantibus
1100 3377 1241 3439 namque
1259 3357 1321 3419 iui-

370 3459 452 3542 quiS,
474 3457 602 3521 vincere
625 3456 674 3539 (ut
696 3456 822 3537 dicitur)
847 3458 1025 3534 consuevit,
1047 3457 1104 3539 qui
1125 3458 1246 3520 viribus
1268 3480 1320 3522 su·

369 3558 475 3642 perior
504 3567 561 3621 est.
616 3556 812 3621 Balaamitas
839 3556 951 3620 videas
976 3557 1140 3640 plurimos,
1165 3559 1219 3641 qui
1245 3559 1323 3625 licet

369 3662 512 3745 iniquam
527 3662 632 3723 nolint
649 3661 729 3722 ferre
746 3660 947 3731 seutentiam,
964 3659 1104 3741 corrupti
1125 3669 1230 3724 tamen
1251 3685 1321 3727 mu·

369 3764 511 3839 neribus,
519 3762 678 3846 justitiam
694 3760 792 3843 partis
810 3760 915 3834 unius,
931 3759 965 3822 in
980 3761 1110 3823 alteram
1126 3764 1238 3845 quavis
1252 3775 1320 3830 arte

369 3865 537 3928 transferre
553 3863 733 3926 moliuntur.
780 3859 856 3924 Non
877 3861 972 3924 facile
994 3860 1132 3925 dixerim
1155 3875 1257 3929 utrum
1279 3868 1320 3931 sit

369 3965 516 4048 nequius,
534 3964 612 4027 licet
629 3962 774 4027 venditor
797 3961 968 4045 aequitatis,
990 3961 1145 4025 malitiam
1166 3964 1241 4028 fuco
1262 3967 1319 4029 sal-

368 4064 480 4127 laciori
509 4063 639 4127 coloret.
689 4063 799 4126 Potest
827 4072 935 4125 tamen
964 4061 1064 4125 videri
1091 4064 1235 4145 nequior,
1264 4068 1321 4149 qui

370 4164 468 4227 officii
483 4165 530 4227 sui
549 4164 728 4247 principem
748 4176 781 4227 et
798 4165 951 4246 reginam,
973 4164 1026 4227 cui
1045 4162 1127 4226 fides
1141 4164 1322 4246 famulatur,

370 4264 462 4347 quasi
477 4285 613 4329 mercem
637 4264 670 4327 in
687 4265 754 4329 foro
776 4264 934 4338 distrahit,
950 4287 987 4329 ac
1006 4266 1033 4328 si
1050 4286 1157 4328 servus
1180 4265 1321 4332 infidelis
