3384 5234
382 688 450 734 oar.
468 673 537 752 xa]
756 688 1010 737 corrourrrcus.
1270 680 1333 741 828

380 841 574 923 qualitatem.
618 842 711 907 Licet
736 844 820 906 enim
847 846 1057 927 patrocinium
1077 846 1201 929 justum
1226 852 1329 930 possit

379 942 517 1006 vendere
532 943 714 1023 advocatus,
730 953 764 1007 et
784 946 904 1027 peritus
920 945 1004 1028 juris
1021 966 1132 1008 sanum
1147 948 1328 1031 consilium,

373 1042 531 1128 judicium
547 1044 684 1109 rendere
701 1046 832 1108 omnino
844 1066 909 1108 non
926 1047 1009 1110 licet.
1047 1046 1164 1111 Cicero
1179 1070 1279 1132 quum
1293 1051 1327 1113 in

379 1144 505 1210 Palatio
520 1145 650 1208 domum
666 1147 765 1209 vellet
779 1168 895 1221 emere,
907 1157 939 1210 et
954 1148 1122 1229 pecuniam
1137 1148 1171 1210 in
1187 1170 1328 1232 praesens

377 1268 444 1310 uon
463 1249 604 1325 heberet,
625 1269 646 1311 a
665 1248 754 1332 Sylla
773 1249 828 1332 qui
846 1260 923 1312 tunc
944 1270 1018 1311 reus
1038 1260 1116 1323 erat,
1132 1260 1242 1312 mutuo
1262 1272 1327 1314 ses·

376 1350 504 1412 tertium
520 1349 617 1413 vicies
627 1350 726 1413 tacite
740 1350 874 1433 accepit.
911 1351 963 1413 Ea
977 1371 1027 1413 res
1042 1351 1228 1435 priusquam
1243 1374 1327 1416 eme·

377 1460 473 1527 retur,
494 1451 622 1534 prodita
641 1460 700 1526 est,
721 1462 754 1514 et
776 1450 811 1513 in
832 1452 948 1533 vulgus
969 1451 1080 1530 exivit,
1101 1452 1328 1536 objectumque

378 1563 427 1615 est
449 1554 489 1631 ei,
514 1553 601 1637 quod
623 1553 793 1635 pecuniam
813 1550 928 1615 domus
948 1552 1092 1616 emendae
1115 1574 1213 1616 causa
1234 1575 1253 1616 a
1272 1576 1327 1617 reo

376 1654 566 1736 accepisset.
622 1655 717 1717 Tunc
748 1653 864 1718 Cicero
890 1654 1057 1738 inopinata
1084 1656 1328 1738 exprobratione

375 1766 548 1837 permotus,
561 1756 725 1838 accepisse
740 1776 774 1817 se
789 1756 928 1839 negarit,
939 1755 1051 1819 dicens
1066 1777 1100 1819 se
1116 1756 1246 1820 domum
1261 1780 1327 1822 nou

377 1876 447 1919 esse
470 1866 658 1940 empturum.
704 1858 810 1940 Atque
837 1857 918 1921 adeo
941 1858 1057 1920 falsum
1082 1870 1130 1923 est
1156 1859 1253 1941 quod,
1277 1860 1327 1923 in·

377 1958 456 2041 quit,
475 1958 625 2042 objicitis,
639 1969 675 2021 ut
695 1979 803 2021 verum
824 1960 867 2021 sit
887 1980 939 2023 me
961 1959 1132 2041 pecuniam
1151 1961 1325 2045 accepisse,

376 2060 403 2121 si
424 2060 554 2124 domum
576 2080 691 2123 emero.
739 2059 804 2123 Sed
820 2081 920 2143 quum
935 2069 1049 2143 postea
1063 2062 1202 2138 emisset,
1216 2074 1249 2126 et
1262 2062 1326 2126 hoc

375 2160 580 2225 mendacium
594 2162 627 2223 in
644 2161 765 2225 Senatu
779 2162 809 2224 ei
824 2165 866 2225 ab
886 2161 1026 2225 inimicis
1041 2162 1243 2247 objiceretur,
1256 2165 1326 2228 risit

374 2261 464 2340 satis,
493 2272 588 2346 atque
617 2261 700 2326 inter
733 2261 918 2337 ridendum,
948 2261 1183 2345 Imprudentes,
1211 2264 1327 2346 iuquit,

374 2364 520 2429 homines
542 2367 626 2438 estis,
643 2386 743 2448 quum
758 2365 911 2446 ignoratis
925 2364 1091 2447 prudentis
1105 2377 1137 2429 et
1159 2368 1245 2430 cauti
1268 2389 1323 2451 pa-

372 2466 565 2531 trisfamilias
580 2487 661 2544 esse,
677 2466 764 2549 quod
786 2488 890 2529 emere
910 2466 998 2543 velit,
1013 2488 1047 2528 se
1062 2481 1242 2550 empturum
1256 2491 1326 2533 esse

371 2588 499 2648 negare,
518 2577 648 2651 propter
666 2567 891 2649 competitores
906 2566 1086 2649 emptionis
1131 2568 1186 2630 Sic
1205 2569 1325 2652 itaque,

374 2669 461 2752 quod
483 2666 616 2731 inficiari
639 2688 705 2730 nou
728 2676 863 2750 poterat,
886 2668 1008 2730 urbano
1035 2667 1204 2751 facetoque
1230 2668 1324 2734 diluit

373 2769 471 2841 dictu,
486 2790 552 2832 rem
569 2768 670 2850 magis
685 2767 815 2850 dignam
830 2769 952 2832 faciens
972 2768 1048 2847 risu,
1065 2790 1161 2853 quam
1181 2771 1321 2835 crimine.

373 2867 542 2932 Familiare
568 2868 725 2952 siquidem
751 2868 903 2947 habebat,
925 2878 961 2931 ut
984 2870 1135 2951 quotiens
1160 2870 1323 2955 objectum

373 2981 465 3054 turpe
481 2972 638 3052 abnegare
653 2992 717 3033 non
734 2980 855 3054 posset,
869 2970 1077 3052 responsione
1086 2970 1223 3054 joculari
1242 2973 1323 3036 illud

372 3072 525 3137 eluderet.
561 3072 804 3156 Amplectendae
820 3071 992 3151 memoriae,
1006 3082 1039 3135 ct
1052 3072 1216 3136 imitandae
1231 3095 1322 3138 sanc·

370 3176 471 3240 titatis
485 3195 627 3237 summus
642 3174 793 3238 Pontifex
808 3174 987 3256 Eugenius,
1004 3196 1099 3259 quem
1113 3175 1233 3255 vidisti,
1250 3179 1322 3242 nul-

370 3280 436 3342 lum
452 3277 582 3340 omnino
597 3299 713 3341 munus
733 3277 873 3340 hominis
891 3277 1046 3359 litigantis
1066 3278 1253 3361 recipiebat,
1268 3292 1323 3344 aut

371 3381 424 3444 cui
437 3380 528 3443 litem
543 3378 685 3443 crederet
698 3379 872 3443 imminere.
910 3377 1008 3443 Unde
1023 3400 1125 3463 quum
1136 3379 1171 3442 in
1182 3380 1322 3444 adventu

372 3503 430 3546 suo
454 3479 547 3542 Prior
572 3480 701 3563 quidam
727 3478 864 3544 modicae
887 3480 1057 3557 facultatis,
1079 3479 1170 3564 cujus
1191 3501 1321 3545 causam

370 3582 516 3646 nondum
541 3582 694 3656 audierat,
717 3581 747 3644 ei
771 3603 910 3647 marcam
935 3582 1002 3646 auri
1028 3580 1197 3646 devotione
1222 3585 1322 3649 multa

368 3688 524 3749 instanter
543 3680 679 3762 offerret,
696 3683 861 3763 Nondum,
875 3683 992 3768 iuquit,
1006 3684 1138 3748 domum
1159 3686 1321 3768 ingressus

369 3810 415 3865 es,
430 3799 461 3851 et
474 3786 543 3871 jam
559 3786 607 3848 vis
628 3806 827 3869 corrumpere
846 3784 1034 3850 dominum?
1073 3785 1319 3870 corruptionem

366 3911 506 3974 namque
537 3890 583 3951 vir
612 3900 741 3952 sanctus
770 3887 917 3966 credidit,
943 3889 1100 3973 quicquid
1130 3892 1320 3955 offerebatur

363 3992 469 4078 judici
488 3992 544 4056 lite
564 3991 737 4075 pendente.
782 3990 965 4054 Bernartius
988 3991 1232 4056 clarevallensis
1251 4015 1318 4055 mo·

369 4095 504 4171 nacbus,
526 4102 559 4155 et
579 4104 758 4157 sanctorum
783 4092 910 4157 cosmae
936 4102 969 4156 et
991 4093 1141 4156 Damiani
1163 4092 1319 4158 diaconus

369 4195 552 4274 cardinalia,
582 4196 694 4259 Romae
724 4196 844 4277 degens
874 4195 908 4257 in
943 4196 1081 4260 excelsis
1117 4194 1319 4275 singulariter

370 4296 536 4374 habitavit,
552 4297 720 4362 excutiens
739 4319 852 4361 manus
874 4319 949 4362 suas
964 4300 1005 4362 ab
1022 4298 1108 4362 omni
1128 4319 1270 4377 munere,
1285 4310 1320 4363 ut

809 4418 827 4460 r
854 4406 873 4461 2
