3384 5234
322 680 391 727 car.
408 666 483 740 v11.]
688 677 940 725 Ponrcaamcus.
964 715 967 720 .
1211 672 1273 731 287

322 832 451 896 demum
469 845 552 898 recte
567 830 749 918 procedere,
759 853 858 916 quum
871 842 969 915 caput
980 833 1050 916 ejus
1065 854 1097 896 se
1114 833 1194 898 utile
1208 858 1275 901 esse

323 933 493 1017 cognoscit,
509 932 569 997 nisi
584 931 720 997 fideliter
739 932 890 996 membris
903 933 1069 999 cohaereat.
1116 936 1199 1001 Haec
1212 936 1277 1016 ille,

324 1048 355 1100 et
371 1035 501 1121 quidem
520 1034 681 1119 eleganter
696 1046 728 1097 et
751 1056 833 1099 vere.
881 1034 955 1114 Sed,
977 1049 1014 1099 ut
1036 1036 1115 1100 mihi
1135 1037 1276 1118 videtur,

322 1138 513 1204 cohaerentia
527 1137 630 1202 fidelis
641 1149 673 1200 et
683 1136 780 1200 firma
791 1159 858 1201 esse
873 1160 936 1201 non
948 1150 1067 1223 potest,
1080 1140 1136 1204 ubi
1151 1163 1214 1205 non
1229 1156 1277 1207 est

323 1240 399 1303 unio
419 1253 515 1306 tenax
538 1238 751 1314 voluntatum,
767 1252 799 1302 et
822 1239 914 1326 quasi
936 1241 1076 1325 ipsarum
1101 1243 1278 1308 animarum

324 1341 565 1428 conglutinatio.
597 1340 682 1415 Quae
697 1342 721 1405 si
737 1340 888 1418 defuerit,
901 1341 1065 1407 bominum
1081 1344 1206 1409 frustra
1218 1346 1280 1411 sibi

323 1456 503 1526 congruunt
513 1466 621 1529 opera,
633 1465 730 1529 quum
741 1441 835 1508 dolus
846 1444 879 1506 in
889 1444 1057 1529 perniciem
1073 1460 1197 1532 pergat,
1213 1448 1279 1512 sine

324 1542 441 1607 affectu
480 1542 674 1629 proficiendi.
732 1542 951 1620 Simulatores,
986 1543 1093 1630 inquit
1133 1546 1211 1626 Job,
1246 1560 1278 1612 et

324 1645 430 1710 callidi
445 1658 618 1733 provocant
639 1645 718 1708 iram
739 1645 812 1726 Dei,
833 1667 938 1730 neque
961 1644 1156 1725 clamabunt,
1177 1671 1278 1734 quum

324 1748 423 1814 vincti
438 1748 567 1813 fuerint.
613 1748 772 1838 Morietur
787 1746 818 1810 in
836 1759 1024 1833 tempestate
1039 1748 1144 1813 anima
1157 1772 1280 1831 eorum,

324 1864 357 1916 et
379 1852 444 1916 vita
466 1873 574 1916 eorum
597 1851 680 1914 inter
698 1849 915 1914 effoeminatos.
959 1851 1120 1935 Operibus
1141 1874 1279 1939 namque

324 1977 449 2018 causam
473 1966 606 2038 praestat
633 1974 716 2018 nuuc
738 1952 855 2038 pudor,
879 1952 974 2015 timor
997 1953 1169 2020 interdum.
1215 1955 1278 2018 Sed

321 2056 476 2140 junctura
501 2054 555 2118 illa
579 2053 767 2118 solidissima
793 2065 851 2132 est,
875 2077 949 2139 quac
971 2076 1011 2117 ex
1034 2054 1128 2140 adipe
1149 2054 1224 2119 fidei
1246 2069 1278 2121 et
1381 2080 1389 2098 ⁶

323 2156 501 2223 dilectionis
526 2157 683 2244 procedit,
706 2169 738 2221 et
763 2156 795 2219 in
825 2156 892 2220 solo
917 2156 1047 2222 virtutis
1069 2158 1279 2223 fundamento

324 2258 476 2323 subsistit.
513 2259 619 2345 Opera
635 2269 740 2323 tamen
756 2258 832 2343 quia
847 2280 971 2324 morum
986 2271 1176 2345 argumenta
1191 2272 1278 2337 sunt,

324 2363 459 2443 gratiam
475 2361 615 2446 pariunt,
632 2359 710 2446 quia
724 2358 804 2421 nihil
823 2358 949 2435 utilius,
965 2358 1043 2422 nibil
1059 2360 1217 2424 efficacius
1231 2372 1280 2426 est

323 2462 365 2525 ad
376 2475 496 2527 statum
508 2463 766 2546 magistratuum,
777 2472 809 2522 et
824 2482 1016 2543 processum.
1049 2460 1129 2524 Inde
1140 2475 1187 2525 est
1198 2461 1279 2526 illud

325 2565 546 2650 Imperatoris,
562 2575 618 2628 aut
635 2561 671 2639 (si
686 2560 797 2641 mavis)
815 2561 1038 2624 versificatoris
1053 2563 1183 2646 egregii,
1200 2561 1278 2625 dum

325 2678 429 2730 tamen
446 2666 532 2729 idem
548 2686 601 2727 eos
617 2661 747 2726 sensisse
762 2684 826 2726 non
841 2663 995 2747 ambigas.

431 2816 473 2867 Sis
484 2815 542 2885 pius
552 2813 677 2884 inprimis,
690 2830 751 2865 nam
762 2828 841 2881 quum
853 2812 983 2864 vincamur
994 2812 1022 2863 in
1034 2813 1104 2863 omni

429 2902 549 2965 Munere,
561 2899 616 2952 sola
628 2900 699 2952 Deos
711 2903 797 2967 aequat
807 2898 947 2950 clementia
957 2897 1041 2950 nobis.
1084 2943 1089 2953 .

429 2987 491 3040 Neu
503 2987 581 3039 dubie
593 2991 725 3056 suspectus
735 2982 812 3052 agas,
821 3002 874 3036 neu
886 2983 966 3036 falsus
978 2985 1076 3046 amicis,

431 3076 607 3144 Rumorumve
619 3072 721 3125 avidus:
740 3072 784 3141 qni
796 3070 861 3123 talia
872 3076 953 3134 curat,
965 3071 1057 3122 inanes

429 3160 555 3213 Horrebit
566 3160 700 3230 strepitus,
711 3156 783 3211 nulla
794 3174 845 3210 non
857 3158 952 3209 anxius
962 3156 1035 3208 hora.

428 3246 457 3298 N
458 3264 490 3299 on
503 3248 541 3299 sic
552 3245 680 3310 excubiae,
692 3263 740 3298 nec
753 3246 948 3296 circumstantia
958 3242 1021 3315 pila,

428 3334 516 3395 Quam
527 3337 625 3385 tutatur
637 3349 722 3394 amon
743 3348 795 3383 non
807 3329 975 3399 extorquebis
987 3330 1079 3381 amari:

430 3420 490 3472 Hoc
502 3419 602 3471 alterna
612 3417 690 3483 fides,
701 3418 750 3470 hoc
762 3416 874 3488 simplex
886 3418 971 3485 gratia
983 3417 1071 3468 donat.

324 3563 509 3628 Alexander
518 3585 617 3649 quum
628 3562 742 3647 hyeme
751 3561 872 3625 ducens
881 3560 1069 3636 exercitum,
1078 3558 1227 3627 resideret
1238 3563 1280 3627 ad

323 3662 670 3748 ignem,reoognoscere
686 3673 913 3748 praetereuntes
925 3660 1149 3746 copiascoepit,
1165 3685 1281 3747 quum-

323 3788 387 3852 que
402 3764 615 3851 conspexisset
631 3764 791 3849 quendam
808 3785 908 3849 prope
919 3764 1136 3827 exanimatum
1150 3764 1282 3850 frigore,

272 3884 274 3889 '
319 3868 416 3952 jussit
427 3891 500 3933 eum
511 3868 619 3931 sedere
628 3866 659 3930 in
671 3866 739 3931 loco
750 3890 818 3946 suo,
827 3866 954 3929 dicens:
981 3865 1015 3927 Si
1026 3864 1059 3928 in
1071 3866 1176 3929 Persis
1185 3881 1280 3935 natus

323 3992 416 4045 esses,
441 3973 474 4034 in
499 3970 587 4053 regia
612 3968 689 4033 sella
714 3968 866 4032 resedisse
892 3966 1027 4052 capitale
1049 3950 1143 4046 foret,
1166 3967 1221 4032 sed
1246 3972 1279 4034 in

326 4071 515 4135 Macedonia
523 4083 598 4134 nato
609 4069 803 4133 conceditur.
832 4070 950 4133 Fertur
961 4080 993 4132 et
1005 4067 1092 4131 uliud
1104 4067 1144 4131 de
1156 4070 1278 4137 eodem.

325 4170 755 4256 Quodquumvirgoeximiae
764 4166 1281 4255 pulchritudinis,finitimaegentis

325 4270 459 4355 principi
475 4270 673 4355 desponsata,
686 4270 768 4334 inter
784 4268 926 4352 captivas
941 4267 1049 4331 adesse
1066 4269 1280 4350 nunciaretur,
