3384 5234
331 435 365 467 N

365 688 436 732 oar.
452 669 542 747 rina]
705 682 961 730 -eoarouarrcus
1255 668 1318 725 315

371 842 472 916 suerit,
488 839 555 902 sive
570 861 628 922 pro
644 860 705 901 me.
751 838 837 900 Nam
864 836 891 898 si
912 833 1037 919 judices
1063 855 1121 916 pro
1137 854 1233 897 causa
1248 855 1321 897 mea

369 942 536 1018 senserint,
552 940 632 1001 nibil
652 941 713 1002 tibi
729 961 771 1002 ex
791 937 950 1001 sententia
969 934 1148 1012 debebitur,
1164 936 1246 1020 quia
1260 957 1320 1018 ego

369 1043 535 1117 vicero;·si
561 1052 671 1104 eontra
692 1040 939 1123 pronunciatum
964 1038 1069 1113 fuerit,
1096 1037 1177 1100 nihil
1191 1038 1250 1100 tibi
1278 1059 1321 1101 ex

365 1154 461 1227 pacto
477 1143 590 1219 deben,
615 1143 690 1225 qnia
715 1162 781 1204 non
808 1141 924 1203 vicero.
970 1140 1024 1203 Sic
1051 1140 1092 1202 ab
1118 1139 1322 1203 adolescente

369 1245 541 1329 discipula
569 1244 719 1325 magister
752 1243 942 1327 eloquentiae
978 1243 1118 1324 inclytus
1145 1264 1203 1305 suo
1229 1263 1321 1324 argu·

370 1357 478 1409 mento
495 1347 688 1425 confutatus,
703 1356 735 1408 et
751 1346 911 1429 captionis
925 1356 1069 1419 versutae,
1085 1355 1117 1407 et
1131 1344 1321 1426 excogitata

370 1449 535 1512 frustratus
560 1448 626 1510 fuit.
672 1448 766 1509 Tunc
793 1445 931 1529 judices,
956 1455 991 1507 ut
1015 1445 1155 1529 antiquae
1181 1445 1323 1509 historiae

370 1552 473 1613 verbis
510 1560 591 1626 utar,
621 1551 792 1613 dubiosum
827 1550 890 1612 hoc
921 1548 1216 1631 inexplicabileque
1250 1568 1321 1610 esse

369 1651 456 1735 quod
494 1654 651 1736 utrimque
689 1652 856 1715 dicebatur
891 1650 961 1726 rati,
989 1671 1030 1712 ne
1068 1651 1227 1713 sententia
1262 1670 1321 1714 suo

369 1765 533 1839 utramque
563 1755 595 1816 in
625 1764 748 1837 partem
786 1754 884 1831 dicta,
913 1753 984 1834 ipsa
1016 1773 1086 1815 sese
1114 1752 1320 1825 rescinderet,

369 1856 579 1939 injudicatam
610 1856 816 1940 reliquerunt,
847 1875 975 1918 causam
1013 1854 1046 1916 in
1080 1851 1167 1916 diem
1200 1853 1319 1933 longis·

370 1956 484 2019 simum
507 1959 708 2039 protelantes.
761 1959 833 2019 Nec
859 1957 994 2018 multum
1019 1956 1113 2019 refert
1137 1955 1179 2018 ad
1204 1977 1321 2040 propo·

371 2060 476 2131 situm,
502 2060 709 2142 Pythagoras,
731 2081 771 2122 an
791 2059 995 2140 Protagoras,
1012 2058 1096 2121 sieut
1118 2054 1320 2130 Quintiliano

369 2160 474 2241 placet
488 2168 521 2223 et
536 2161 618 2223 Aulo
636 2162 759 2238 Gellio,
770 2160 952 2241 litigaverit,
969 2182 1073 2243 neque
1094 2160 1180 2222 enim
1201 2160 1249 2221 vis
1272 2174 1321 2223 est

369 2261 401 2321 in
422 2263 563 2340 nomine,
579 2262 655 2326 dum
677 2272 801 2328 constet
816 2284 883 2326 rem
903 2263 1086 2345 ambiguam
1104 2262 1174 2325 sine
1195 2261 1321 2328 temeri·

368 2374 431 2427 tate
447 2364 573 2428 diffiniri
589 2388 652 2429 uon
671 2388 776 2448 posse.
814 2367 898 2429 Sunt
917 2377 1022 2427 autern
1042 2367 1150 2428 multae
1166 2367 1320 2448 captiosae

369 2467 572 2547 quaestiones‚
596 2487 668 2547 quae
689 2468 787 2528 tutius
806 2475 839 2526 et
861 2462 1070 2537 commodius,
1091 2454 1266 2546 praesertim
1285 2467 1321 2529 in

363 2565 507 2648 judiciis,
520 2564 715 2642 differuntur,
727 2586 823 2648 quam
833 2566 1060 2628 accelerentur.
1085 2566 1182 2629 Unde
1192 2576 1225 2629 et
1233 2565 1322 2648 apud

370 2666 577 2741 DialecticOS,
590 2686 689 2744 genus
701 2666 763 2728 hoc
775 2665 911 2728 Tractus
923 2666 1113 2746 appellatur,
1124 2677 1156 2728 et
1167 2687 1187 2729 a
1197 2667 1322 2732 Graecis

370 2764 486 2827 dicitur
512 2760 644 2841 Ζήτησις,
667 2765 734 2842 ubi,
760 2761 915 2847 quicquid
941 2784 1049 2850 verum
1072 2786 1142 2828 esse
1162 2767 1321 2846 statueris,

368 2866 483 2927 falsum
500 2865 660 2948 reperitur.
691 2867 746 2943 Et,
762 2866 789 2928 si
806 2867 995 2949 plerumque
1010 2865 1043 2927 in
1059 2866 1110 2929 his
1129 2889 1186 2950 per
1200 2889 1320 2952 excep·

368 2968 487 3029 tionem
504 2967 569 3030 doli
585 2967 661 3029 mali
676 2965 775 3051 possit
793 2988 843 3030 res
858 2969 1035 3052 temperari,
1051 2981 1083 3032 et
1099 2970 1233 3052 aequitas
1248 2970 1320 3053 ipsa

361 3068 444 3152 juris
468 3069 625 3132 interdum
654 3082 750 3153 queat
776 3069 919 3150 mitigare
944 3070 1090 3150 rigorem,
1115 3071 1179 3134 nisi
1204 3093 1317 3154 urgen-

366 3169 489 3234 tissima
504 3194 605 3235 rerum
626 3173 800 3236 necessitas
820 3183 924 3253 cogat,
938 3172 972 3234 iu
988 3172 1105 3236 talibus
1126 3174 1317 3239 sententiam

368 3272 501 3354 expedit
516 3271 653 3353 differre,
667 3295 763 3357 quam
780 3272 869 3335 ferre.
916 3273 995 3334 Fere
1013 3293 1033 3333 a
1050 3294 1149 3355 puero
1165 3273 1319 3353 didicisti,

367 3375 444 3456 quia
465 3375 498 3435 in
523 3375 754 3457 quaestionibus
777 3396 849 3458 quae
872 3375 993 3436 habent
1015 3374 1191 3456 positiones
1214 3372 1318 3458 impli-

367 3477 457 3551 citas,
478 3487 510 3537 et
531 3496 602 3557 quae
624 3478 758 3538 latenter
780 3476 947 3538 involvunt
968 3470 1136 3552 contraria,
1157 3478 1319 3543 laboriosa

367 3576 482 3637 solutio
498 3586 556 3652 est,
571 3575 633 3637 uisi
648 3576 728 3639 forte
749 3588 779 3638 te
800 3576 932 3659 antiquo
948 3577 1084 3640 Nestore
1100 3588 1227 3660 reputes
1242 3600 1319 3643 cau·

336 3733 339 3741 .
368 3677 489 3738 tiorem.
516 3678 587 3753 ¹Ne
617 3677 729 3740 credas
759 3677 896 3750 somnio,
929 3678 1164 3758 Agamemnoni
1194 3680 1319 3746 dictum

367 3778 457 3841 estin
474 3778 603 3854 somnis,
615 3778 689 3840 dum
702 3780 734 3840 in
749 3778 878 3841 excidio
894 3776 999 3863 Trojae
1012 3780 1140 3844 Graecia
1150 3780 1318 3848 laboraret.

369 3878 476 3962 Hujus
507 3900 635 3962 quoque
664 3880 781 3943 somnii
810 3880 1113 3964 interpretationem,
1139 3882 1212 3945 Jovi
1242 3904 1317 3947 cen·

368 3990 499 4043 suerunt
521 3981 707 4044 Graecorum
730 3982 957 4065 sapientissimi
976 3982 1209 4046 reservandam.
1256 3984 1319 4047 La·

367 4081 516 4142 borantes
541 4081 607 4143 vidi
631 4082 894 4164 quamplurimos,
914 4082 988 4145 dum
1016 4083 1167 4166 quaeritur
1192 4104 1233 4147 au
1260 4086 1317 4168 qui

368 4181 459 4257 dicit,
476 4205 537 4264 ego
558 4184 705 4258 mentior,
721 4204 828 4246 verum
850 4183 946 4245 dicat
991 4182 1056 4246 Sed
1074 4184 1236 4248 neminem
1250 4186 1318 4249 vidi

367 4283 422 4365 qui
446 4283 585 4365 Scyllam
608 4285 719 4347 ritaret
737 4294 770 4346 et
791 4282 1000 4366 Charybdim,
1020 4282 1082 4344 nisi
1104 4282 1244 4349 debilem
1263 4296 1318 4350 aut
