3384 5234
419 713 461 784 60
669 737 806 781 roannrs
822 735 1101 783 sanasaamansrs
1236 723 1317 803 [arn.
1336 738 1372 784 11.

420 889 494 971 Ego
516 887 703 951 sententiam
719 901 751 951 et
776 888 968 953 verissimam
988 900 1020 951 et
1042 887 1257 954 fidelissimam
1280 902 1371 975 puto.

419 988 505 1066 Quid
531 991 615 1051 enim
641 989 739 1053 refert
766 990 807 1052 ad
831 988 1088 1075 consequentiam
1111 1011 1226 1065 rerum,
1251 993 1277 1055 si
1298 992 1371 1077 quis

418 1089 512 1152 semel
527 1101 583 1153 aut
599 1090 735 1176 amplius
751 1091 997 1154 sternutaverit?
1021 1089 1111 1165 Quid
1126 1094 1151 1156 si
1167 1093 1370 1157 oscitaverit?
1411 1131 1414 1135 Δ

419 1192 505 1268 Quid
521 1192 658 1277 denique
678 1193 702 1256 si
719 1192 944 1278 undecumque
964 1216 1074 1258 sonum
1098 1194 1259 1259 emiserit?
1290 1197 1372 1258 Haec

419 1309 523 1357 tamen
546 1317 587 1358 ex
609 1295 712 1359 causis
734 1318 815 1381 quas
836 1295 969 1381 Physici
988 1310 1155 1373 noverunt,
1172 1297 1373 1382 aliquatenus

417 1394 457 1458 ad
473 1418 545 1458 eum
561 1395 721 1481 pertinent
737 1397 818 1460 circa
833 1419 931 1482 quem
946 1395 1039 1461 fiunt.
1070 1401 1161 1476 Esto,
1177 1398 1255 1462 dum
1270 1398 1373 1462 aliena

418 1516 514 1581 opera
540 1496 705 1582 impedire,
728 1510 785 1562 aut
811 1520 997 1583 promovere
1021 1520 1083 1561 non
1106 1512 1236 1585 queant.
1282 1498 1372 1563 Sicut

416 1618 473 1661 nec
496 1596 602 1661 inania
623 1599 772 1675 carmina,
788 1610 844 1662 aut
868 1599 1097 1684 superstitiosae
1119 1600 1268 1685 quaedam
1290 1599 1373 1683 liga&

417 1710 511 1776 turae,
524 1723 598 1787 quae
615 1712 681 1765 tota
693 1699 888 1764 medicorum
904 1714 989 1763 secta
1004 1700 1204 1781 condemnat,
1215 1701 1288 1764 licet
1304 1700 1372 1764 haec

416 1799 486 1886 ipsa
501 1825 519 1865 a
532 1802 723 1887 quibusdam
739 1800 936 1865 eminentiori
950 1801 1088 1887 quodam
1106 1805 1232 1867 nomine
1242 1802 1373 1889 physica

418 1902 536 1968 soleant
568 1904 731 1990 appellari,
782 1902 954 1989 Physicunr
986 1904 1101 1967 etenim
1131 1905 1255 1984 dicunt,
1281 1906 1374 1990 cujus

419 2005 632 2069 occultissima
647 2006 729 2069 ratio
744 2017 804 2081 est,
820 2018 857 2068 ut
872 2008 1012 2068 humano
1027 2027 1120 2068 sensu
1136 2017 1273 2089 nequeat
1289 2026 1374 2068 com-

417 2106 581 2193 prehendi.
628 2107 718 2172 Nihil
747 2107 864 2171 etenim
894 2120 953 2186 est,
982 2105 1034 2171 vel
1065 2106 1112 2182 fit,
1142 2111 1235 2192 cujus
1264 2119 1371 2169 ortum

417 2207 560 2293 legitima
581 2230 686 2285 causa,
703 2219 734 2271 et
757 2206 838 2271 ratio
858 2230 920 2271 non
944 2206 1143 2291 proecedant:
1175 2220 1207 2270 et
1230 2218 1267 2270 ut
1289 2205 1370 2269 alius

417 2307 473 2384 ait,
490 2307 580 2372 Nihil
595 2308 631 2372 fit
647 2308 679 2371 in
696 2319 781 2370 terra
796 2308 862 2370 sine
877 2330 982 2371 causa.
1019 2306 1153 2371 Constat
1168 2307 1278 2392 itaque
1294 2307 1371 2391 quia

417 2410 549 2473 artificis
569 2424 692 2474 naturae
708 2431 836 2472 manum
859 2408 938 2472 nihil
953 2409 1071 2476 evadit.
1115 2410 1169 2472 Ex
1184 2430 1249 2494 quo
1264 2430 1371 2471 conse·

417 2524 551 2597 quanter
576 2524 663 2597 patet
688 2514 730 2577 ad
758 2512 923 2599 physicam
952 2511 1058 2575 omnia
1087 2510 1253 2597 pertinere.
1298 2510 1380 2594 Ego‘

417 2612 546 2699 quidem
559 2637 752 2700 quocunque
765 2613 859 2677 modo
874 2612 934 2676 ista
946 2635 978 2678 se
993 2612 1141 2692 habeant,
1151 2612 1372 2675 indubitanter

416 2715 512 2779 credo
528 2716 583 2779 illa
598 2717 664 2781 sola
684 2720 830 2780 non'esse
852 2716 1041 2801 respuenda,
1056 2738 1131 2803 quae
1150 2720 1191 2778 ex
1213 2714 1276 2778 fide
1297 2736 1370 2799 pro·

417 2817 559 2899 veniunt,
575 2831 605 2882 et
629 2818 812 2881 referuntur
835 2817 876 2880 ad
891 2817 1024 2903 gloriam
1047 2816 1274 2904 omnipotentis
1289 2816 1371 2891 θεὶς

417 2942 517 3005 quum
534 2919 687 3006 scriptum
705 2919 858 2997 noverim,
873 2920 980 2982 omnia
994 2942 1196 3006 quaecunque
1213 2919 1368 3004 inopere,

414 3021 466 3084 vel
488 3022 584 3087 verbo
601 3021 752 3099 feceritiS,
767 3022 801 3085 in
823 3022 950 3085 nomine
973 3020 1104 3086 Domini
1125 3021 1231 3096 facite,
1248 3020 1279 3084 in
1303 3044 1368 3107 quo

416 3126 482 3190 sola
497 3127 550 3190 via
564 3125 700 3190 hominis
716 3139 930 3212 prosperatur.
964 3124 1016 3188 Sic
1030 3124 1172 3188 omnium
1188 3136 1369 3188 sanctorum·

415 3229 511 3292 turba
527 3230 695 3314 praecessit.
742 3227 947 3293 Guthbertus
962 3226 1093 3311 signifer
1108 3226 1239 3312 quidam
1262 3227 1367 3309 gentis

416 3341 533 3391 nostrae
555 3329 587 3391 in
610 3329 680 3411 lege
698 3328 826 3392 Domini
851 3327 1061 3410 Evangelium
1086 3325 1243 3389 «Iohannis
1259 3346 1367 3410 super-

416 3430 554 3511 ponebat
565 3430 708 3506 infirmiS‚
717 3440 748 3490 et
759 3428 962 3491 curabantur.
991 3428 1082 3492 Beati
1094 3427 1247 3510 Stephani
1259 3424 1368 3491 tunica

416 3531 619 3614 superposita
632 3539 792 3591 mortuum
814 3529 987 3593 suscitavit.
1026 3529 1215 3614 Symbolum
1230 3533 1366 3615 Aposto-

415 3628 519 3692 lorum
532 3628 773 3703 daemoniacum,
784 3653 802 3693 a
814 3653 878 3711 quo
890 3631 1085 3716 gestabatur,
1097 3632 1231 3695 curavit.
1255 3631 1367 3693 Oratio

415 3732 582 3796 Dominica
606 3732 721 3806 herbiS,
745 3732 821 3796 dum
850 3732 1039 3817 legebantur
1065 3747 1120 3798 aut
1143 3733 1302 3797 dabantur
1324 3754 1364 3794 ex

416 3832 478 3896 fide
490 3833 587 3909 dicta,
598 3832 767 3920 saepissime
779 3836 914 3900 contulit
926 3849 1073 3922 optatum
1086 3835 1195 3899 salutis
1206 3834 1365 3899 effectum.

418 3933 535 4000 Beatus
548 3936 740 4001 Benedictus
756 3938 846 4023 signo
857 3938 959 4002 crucis
976 3962 1030 4003 vas
1045 3938 1244 4002 mortiferum
1259 3936 1367 4019 fregit,

414 4058 451 4099 ac
469 4038 495 4099 si
513 4059 572 4120 pro
594 4036 683 4121 signo
702 4036 839 4123 lapidem
862 4038 1046 4103 intorsisset.
1085 4036 1235 4122 Capitula
1257 4039 1371 4098 Evan-'

414 4137 489 4221 gelii
508 4150 642 4223 gestata,
666 4141 714 4201 vel
736 4138 857 4216 audita,
881 4139 929 4201 vel
947 4138 1043 4218 dicta,
1065 4137 1270 4202 inveniuntur
1292 4158 1365 4221 pro·

414 4238 510 4302 fuisse
533 4238 787 4325 quamplurimis.
834 4242 915 4304 Haec
938 4238 1085 4324 equidem
1108 4250 1139 4300 et
1166 4235 1279 4299 similia
1301 4257 1365 4298 non

415 4340 510 4406 modo
525 4340 621 4417 licita,
637 4340 691 4405 sed
708 4354 739 4406 et
752 4341 918 4407 utilissima
930 4354 1013 4405 sunt.
1046 4340 1121 4404 Alia
1132 4363 1207 4403 vero
1220 4362 1282 4403 non
1299 4353 1363 4405 tam
