3384 5234
315 717 385 762 aaa.
400 698 534 778 xxv111.]
677 714 932 761 aotrcaarrcns.
1206 698 1267 757 lat

316 867 526 951 indignantes,
541 862 663 951 quibus
678 888 711 929 se
725 864 854 949 fingunt
869 862 1016 931 infensos.
1063 863 1154 948 Saepe
1169 867 1263 927 etiam

314 971 513 1033 mentiuntur
542 981 597 1032 aut
620 966 813 1053 decipientes
838 978 896 1029 aut
918 964 1053 1050 decepti.
1099 964 1162 1028 Sed
1191 963 1265 1031 licet

315 1092 388 1133 vera
398 1070 567 1134 dumtaxat
579 1070 760 1148 enuncient‚
769 1065 973 1130 nihilominus
981 1086 1037 1131 ant
1046 1066 1266 1153 compescendi

315 1184 400 1245 sunt,
416 1182 472 1234 aut
487 1168 643 1254 fugiendi.
688 1167 785 1231 Unde
800 1166 833 1230 in
851 1165 1119 1231 Deuteronomio:
1146 1165 1181 1231 Si
1196 1189 1266 1231 sur-

315 1272 431 1337 rexerit
461 1272 493 1336 in
520 1271 625 1336 medio
649 1270 698 1334 tui
728 1268 899 1355 propheta,
929 1281 986 1332 aut
1012 1268 1069 1354 qui
1092 1267 1208 1333 dixerit
1231 1292 1265 1333 se

314 1372 469 1437 s'omnium
486 1374 613 1448 vidisse,
627 1384 658 1436 et
675 1369 862 1456 praedixerit
884 1369 1010 1455 signum
1025 1382 1122 1454 atque
1136 1382 1265 1455 porten-

315 1489 395 1552 tum,
419 1487 451 1540 et
476 1474 614 1538 evenerit
640 1472 727 1558 quod
752 1470 904 1555 loquutus
924 1483 983 1546 est,
1002 1483 1034 1535 et
1055 1470 1171 1536 dixerit
1192 1471 1264 1549 tibi,

317 1577 439 1640 Eamus
464 1588 496 1639 et
516 1596 688 1661 sequamur
710 1574 786 1638 deos
810 1571 940 1648 alienos,
966 1593 1047 1657 quos
1072 1570 1208 1655 ignoras,
1231 1585 1263 1637 et

316 1678 488 1741 serviamus
521 1677 576 1753 eis,
605 1697 666 1738 non
697 1672 807 1738 audias
837 1671 937 1737 verba
967 1672 1139 1757 Prophetae
1167 1672 1264 1755 illius,

314 1791 368 1842 aut
384 1778 592 1852 somniatoris,
605 1778 682 1862 quia
694 1788 796 1841 tentat
808 1797 864 1838 vos
874 1774 1033 1839 Dominus
1044 1778 1133 1840 Deus
1148 1789 1261 1853 vester,

315 1892 351 1944 ut
371 1880 477 1965 palam
499 1879 555 1944 flat
577 1896 685 1943 utrum
712 1876 853 1960 diligatis
873 1898 959 1955 eum,
980 1898 1020 1939 an
1043 1898 1115 1940 non.
1164 1878 1261 1944 Unde

313 1980 407 2067 plane
427 1981 628 2067 intelligitur,
650 1980 727 2065 quia
749 1978 808 2043 etsi
830 1981 1026 2063 contingant,
1050 2001 1125 2065 quae
1147 1981 1262 2045 adivi·

311 2083 461 2148 nantibus
493 2105 556 2147 non
585 2080 760 2147 secundum
792 2083 896 2144 Deum
928 2079 1092 2157 dicuntur,
1122 2104 1185 2146 non
1215 2081 1259 2147 sic

310 2184 489 2270 accipienda
499 2195 585 2264 sunt,
601 2196 636 2248 ut
646 2183 725 2246 fiant
740 2204 815 2267 quae
829 2181 1064 2266 praecipiuntur
1078 2185 1119 2248 ab
1134 2185 1189 2262 eis,
1204 2198 1260 2251 aut

309 2285 453 2350 colantur
475 2310 547 2372 quaa
563 2290 713 2349 coluntur
727 2284 768 2346 ab
784 2286 838 2348 eis.
885 2284 946 2346 Sed
963 2306 1021 2347 nec
1036 2286 1212 2369 Apostolus
1227 2286 1258 2351 in

310 2387 402 2451 Actis
414 2386 650 2472 Apostolorum,
662 2385 829 2449 immundo
839 2384 1128 2471 spirituipepercit,
1140 2389 1216 2475 quia
1227 2389 1258 2453 in

309 2489 440 2552 muliere
456 2487 666 2572 ventriloqua,
690 2485 842 2571 apostolis
864 2499 896 2550 et
916 2486 1135 2571 praedicationi
1150 2511 1257 2555 eorum

306 2589 521 2653 testimonium
537 2586 702 2675 perhibuit
717 2587 869 2651 veritatis.
914 2584 1005 2650 Nihil
1020 2607 1095 2649 vero
1110 2588 1263 2653 adversus

309 2704 429 2775 pestem
446 2690 538 2754 istam
560 2688 720 2752 salubrius
742 2701 801 2764 est,
818 2710 914 2772 quarn
932 2685 959 2751 si
978 2688 1054 2771 quis
1074 2687 1259 2773 hujusmodi

308 2790 441 2855 vanitati
456 2790 583 2854 omnino
598 2811 705 2853 aurem
729 2788 907 2853 subtrahat.
952 2790 1081 2853 Gratias
1099 2812 1160 2875 ago
1176 2793 1258 2870 Deo,

309 2894 366 2977 qui
382 2892 458 2955 mihi
468 2891 561 2956 etiam
574 2892 606 2955 in
619 2890 768 2957 teneriori
777 2902 882 2965 aetate,
894 2888 1047 2952 adversus
1062 2890 1257 2976 hasmaligni

307 2993 409 3057 hostis
444 2992 584 3073 insidias,
625 2991 814 3077 beneplaciti
844 2991 894 3055 sui
933 3002 1059 3053 scutum
1095 2996 1255 3078 opposuit.

305 3096 394 3157 Dum
424 3092 507 3157 enim
531 3116 623 3179 puer,
644 3107 681 3158 ut
705 3093 842 3179 psalmos
868 3091 1075 3168 addiscerem,
1100 3092 1255 3159 sacerdoti

304 3194 442 3260 traditus
456 3218 566 3270 essem,
589 3196 645 3281 qui
665 3196 748 3260 forte
766 3194 972 3282 speculariam
992 3194 1145 3278 magicam
1166 3216 1257 3259 exer·

304 3297 405 3377 cebat,
421 3297 554 3382 contigit
564 3310 601 3363 ut
614 3320 676 3377 me,
686 3309 719 3362 et
729 3296 826 3383 paulo
837 3294 1097 3381 grandiusculum
1108 3317 1256 3381 puerum,

304 3399 475 3484 praemissis
508 3399 699 3483 quibusdam
735 3398 909 3476 maleficiis,
938 3420 998 3483 pro
1026 3398 1163 3485 pedibus
1191 3399 1257 3463 suis

306 3499 462 3579 sedentes,
478 3500 518 3563 ad
534 3501 719 3587 speculariae
740 3500 939 3586 sacrilegium
960 3500 1146 3586 applicaret,
1164 3513 1200 3565 ut
1222 3501 1257 3566 in·
1357 3558 1361 3572 ,

306 3600 470 3686 unguibus
492 3624 580 3666 sacro
597 3603 701 3668 nescio
718 3603 800 3681 oleo,
822 3616 879 3667 aut
904 3602 1073 3667 chrismate
1095 3602 1258 3681 delibutis,

305 3703 355 3765 vel
369 3703 402 3766 in
417 3717 543 3768 exterso
558 3716 590 3770 et
605 3704 743 3787 levigato
758 3726 888 3789 corpore
903 3706 1016 3790 pelvis,
1031 3705 1119 3791 quod
1135 3728 1257 3790 quaere·

303 3802 370 3879 bat,
386 3818 495 3869 nostro
509 3803 766 3869 manifestaretur
777 3803 905 3868 indicio.
929 3807 1036 3878 Quum
1052 3806 1163 3890 itaque
1177 3826 1258 3889 prae-

305 3905 399 3969 dictis
429 3906 622 3983 nominibus,
647 3928 720 3992 quae
742 3906 812 3990 ipso
836 3906 966 3969 horrore
989 3905 1073 3980 licet,
1101 3906 1256 3990 puerulus

303 4030 412 4086 essem,
442 4006 623 4071 daemonnm
650 4006 855 4082 videbantur,
879 4020 910 4070 et
933 4007 1104 4091 praemissis
1127 4006 1256 4091 adjura·

303 4109 454 4185 tionibus,
479 4131 560 4195 quas
584 4111 655 4173 Deo
679 4120 809 4171 auctore
832 4107 950 4185 nescio,
976 4108 1079 4171 socius
1101 4129 1190 4197 mens
1212 4131 1255 4183 se,

300 4211 493 4296 nescioquas
507 4210 671 4295 imagines
682 4223 792 4275 tenues
805 4222 909 4271 tamen
926 4221 958 4273 et
970 4208 1131 4271 nubilosas
1146 4208 1255 4272 videre

292 4309 479 4395 judicasset,
502 4334 561 4395 ego
586 4311 718 4396 quidem
741 4310 782 4373 ad
798 4308 880 4372 illud
904 4309 949 4371 ita
971 4330 1075 4371 caecus
1097 4306 1203 4385 extiti,
1217 4320 1254 4371 ut
