3384 5234
429 698 472 758 58
692 709 828 753 Josums
843 707 1123 753 scansusarausrs
1261 690 1344 771 [nra.
1361 710 1382 753 1.

428 882 512 937 nem,
528 859 607 927 sicut
624 882 712 925 mens
731 858 792 923 sibi
814 859 940 924 conscia
961 858 1149 945 iniquitatis,
1165 870 1197 924 et
1219 882 1294 944 quae
1316 883 1382 924 sce·

427 962 528 1026 lerum
540 982 670 1026 suorum
683 983 822 1048 poenam,
832 960 873 1026 ad
883 961 1008 1046 singula
1017 956 1107 1025 timet
1119 963 1257 1048 exposci.
1284 962 1381 1025 Unde

427 1062 552 1127 ethicus
566 1062 607 1126 de
622 1062 809 1139 criminosis,

498 1171 537 1224 Hi
552 1176 612 1224 sunt
623 1171 667 1239 qui
678 1170 819 1240 trepidant,
832 1174 860 1221 ot
871 1169 906 1221 ad
918 1171 1004 1222 omnia
1015 1170 1121 1240 fulgura
1131 1169 1240 1241 pallent.

425 1272 455 1334 E
472 1278 583 1332 contra
600 1266 710 1353 justus
725 1262 856 1329 conlidit
879 1275 917 1329 ut
938 1263 997 1329 leo.
1043 1266 1088 1331 Et
1104 1265 1196 1342 illud,
1213 1264 1288 1330 Non
1307 1288 1381 1331 con-

425 1369 567 1435 tristabit
575 1367 713 1454 justum,
729 1363 884 1453 quicquid
899 1365 928 1429 ei
944 1366 1103 1432 acciderit.
1151 1368 1274 1454 Fulgor
1291 1369 1380 1455 equi-

425 1473 498 1538 dem
514 1471 625 1558 igneus
640 1469 666 1534 ai
682 1468 803 1534 urendo
818 1489 881 1532 non
897 1479 1019 1546 noceat,
1035 1469 1228 1535 celebritatis
1246 1471 1378 1557 gloriam

425 1572 526 1637 affert.
581 1570 696 1655 Neque
726 1567 801 1654 quia
826 1588 889 1631 nou
916 1565 992 1641 urit,
1019 1565 1130 1652 igneus
1156 1592 1219 1632 non
1248 1582 1317 1642 estr
1353 1570 1379 1633 si

424 1686 529 1738 tamen
544 1673 577 1735 in
592 1672 653 1736 hoc
669 1670 763 1734 Plato
778 1668 942 1754 recipitur.
988 1672 1074 1735 Duae
1090 1684 1175 1747 sunt,
1188 1673 1295 1758 inquit
1311 1672 1376 1749 ille,

424 1790 461 1841 ut
472 1775 595 1861 opinor,
609 1776 744 1838 virtutes
755 1770 857 1856 ignis:
883 1770 992 1836 Altera
1003 1771 1084 1835 edax
1097 1786 1128 1836 et
1144 1776 1377 1860 peremptoria3

423 1878 523 1943 altera
537 1874 707 1940 mulcebris
722 1886 753 1937 et
768 1872 896 1936 innoxio
920 1872 1050 1938 lumine.
1096 1876 1305 1940 Posteriorem
1329 1899 1378 1940 as-

423 1979 498 2043 serit
520 1976 728 2063 operatricem
744 1974 841 2051 visua,
858 1987 889 2039 et
912 1978 944 2038 in
966 1976 1181 2061 superioribus
1196 1978 1260 2041 vim
1285 1999 1375 2040 suam

422 2079 560 2143 maxime
575 2099 730 2141 exercere.
775 2076 950 2140 Ascanium
967 2078 1073 2143 fatalis
1088 2078 1174 2141 exilii
1189 2101 1262 2142 cum
1283 2091 1375 2164 patre

422 2180 603 2246 discrimina
625 2177 825 2259 subeuntem,
839 2178 923 2263 ignis
945 2177 986 2242 de
1008 2179 1089 2245 coelo
1109 2180 1201 2263 quasi
1226 2202 1374 2245 succenso

421 2282 522 2369 capite
547 2278 731 2360 illustravit,
758 2280 971 2366 pronuncians
996 2282 1025 2345 ei
1054 2282 1163 2346 deberi
1189 2281 1373 2346 felicitatem

420 2384 519 2465 exilii,
533 2384 702 2470 ipsumque
716 2382 863 2446 futurum
880 2384 913 2448 in
933 2398 1060 2470 gentem
1076 2408 1233 2471 magnam.
1278 2384 1375 2449 Alex-

421 2487 513 2552 andri
551 2484 737 2550 Macedonis
765 2498 797 2549 et
828 2488 996 2551 Octaviani
1028 2488 1182 2571 Augusti,
1213 2487 1274 2550 sub
1303 2486 1374 2572 ipso

419 2610 530 2653 eorum
558 2602 632 2651 ortu
662 2586 788 2651 claritas
817 2587 901 2671 ignis
934 2588 1088 2653 miraculo
1126 2588 1286 2653 declarata
1314 2601 1371 2651 est.

419 2688 686 2767 Proficiscentem,
709 2689 943 2775 expeditionem
970 2691 1047 2755 dum
1071 2690 1244 2776 egreditur,
1267 2712 1372 2776 prose-

417 2815 520 2880 quens
531 2803 645 2856 ventus
660 2814 861 2856 successuum
874 2816 931 2878 spe
942 2794 1085 2858 fortunat
1094 2818 1103 2871 3
1127 2793 1205 2857 dum
1220 2793 1253 2855 in
1265 2792 1372 2855 hostes

419 2894 536 2959 vexilla
556 2894 717 2971 feruntur,
742 2894 823 2959 aeris
847 2894 1029 2959 testimonio
1052 2894 1171 2960 vexilla
1195 2893 1372 2983 triumpha-

417 2998 508 3063 bunt.
556 2996 589 3060 Si
605 3019 681 3060 vero
695 2996 806 3080 patriae
821 2996 997 3073 imminent,
1016 2996 1230 3082 justissimum
1249 3006 1370 3060 metum

417 3098 589 3163 incutiunt.
634 3100 734 3161 Terra
757 3120 888 3183 quoque
911 3097 981 3183 ipsa
1005 3100 1229 3183 mysteriorum
1248 3096 1371 3161 conscia

418 3214 475 3277 est,
501 3199 556 3263 sed
583 3198 691 3282 gravia
718 3199 823 3262 omina
850 3200 1050 3283 frequentius
1075 3211 1193 3285 portat,
1218 3223 1256 3262 eo
1281 3197 1368 3284 quod

417 3301 552 3364 fundata
579 3319 675 3382 super
701 3296 905 3380 stabilitatem
933 3321 1034 3374 suam,
1058 3297 1180 3362 mavult
1206 3300 1368 3383 quiescere

418 3423 514 3489 quam
545 3397 674 3462 moveri.
734 3397 842 3472 Quum
865 3421 942 3484 ergo
965 3404 1111 3486 mugitus
1133 3402 1203 3487 ejus
1225 3398 1369 3477 auditur,

417 3504 532 3567 amaris
545 3496 712 3562 eventibus
733 3497 891 3578 condolet,
906 3513 938 3564 et
961 3525 1028 3586 quo
1051 3502 1167 3566 affectu
1195 3500 1260 3565 suis
1284 3521 1368 3563 com·

416 3603 559 3690 patiatur
591 3596 738 3671 alumnis,
769 3600 854 3664 vocis
894 3625 961 3667 suae
994 3603 1124 3670 tristitia
1161 3612 1366 3691 protestatur.

414 3706 538 3788 Magna
552 3697 709 3785 siquidem
725 3713 756 3763 et
774 3701 825 3788 pia
847 3724 961 3788 parens
976 3705 1118 3769 omnium
1142 3718 1199 3770 est.
1246 3702 1366 3768 Studu-

415 3818 483 3871 erat
497 3803 566 3866 haec
581 3802 621 3865 ab
637 3801 785 3887 amplexu
806 3804 942 3890 hospitis
956 3829 1062 3870 arcere
1087 3807 1295 3884 Phoenissam,
1310 3805 1367 3869 sed

415 3905 492 3993 quia
520 3903 717 3969 conciliatrix
747 3904 877 3991 hospitii
908 3908 1015 3971 Venus
1044 3909 1112 3994 jam
1142 3905 1366 3993 praevaluerat,

415 4021 501 4073 tacta
530 4005 638 4070 dolore
664 4006 767 4070 cordis
792 4007 982 4073 intrinsecus
1007 4009 1134 4094 mugiit,
1160 4007 1311 4094 quoniam
1337 4006 1365 4070 ei

415 4108 558 4196 mugitus
577 4130 636 4195 pro
658 4108 779 4193 gemitu
803 4119 860 4174 est.
905 4114 986 4175 Haec
1001 4110 1110 4174 eadem
1135 4108 1281 4194 quotiens
1305 4121 1366 4172 tre-

414 4214 485 4294 mit,
499 4211 572 4276 filiis
587 4210 652 4275 suis
667 4209 821 4296 praevidet
837 4211 959 4297 aliquid
976 4210 1192 4288 metuendum,
1208 4209 1268 4274 nisi
1283 4210 1367 4275 forte
1393 4253 1396 4262 ι

415 4312 620 4402 parturiendo
646 4313 777 4377 laboret.
833 4314 925 4378 Tunc
952 4312 1102 4377 verovel
1128 4312 1256 4377 omnino
1287 4314 1363 4378 facit
