3384 5234
366 696 437 741 cae.
453 676 576 755 xxvix]
717 690 973 741 ronrcnarrcus.
1264 680 1325 739 145

367 846 412 912 tia
437 836 564 922 deserit,
591 845 673 909 liunt
704 868 827 931 semper
857 846 1026 909 norissima
1050 842 1136 908 illius
1164 845 1322 910 deteriora

366 947 535 1034 prioribus.
582 946 745 1031 Sacrilegii
760 948 863 1032 igitur
878 947 1071 1031 Pythonissa
1085 950 1211 1011 conscia
1225 968 1323 1031 expa-

366 1049 475 1127 vescit,
489 1062 520 1112 et
544 1060 719 1134 potestasa
741 1048 881 1111 Domino
898 1050 1072 1111 constituta
1093 1047 1133 1111 ad
1157 1047 1322 1130 sacrilegia

365 1150 528 1214 evellenda
542 1150 620 1214 alias
641 1148 772 1235 quidem
788 1148 911 1228 timida,
932 1171 1033 1234 quum
1056 1148 1183 1233 negotia
1198 1148 1319 1235 populi,

368 1276 440 1318 cnm
464 1252 585 1317 domini
607 1251 691 1315 bella
712 1263 882 1336 geruntur,
901 1250 1046 1315 idolatris
1067 1264 1199 1336 praestat
1221 1250 1323 1316 auda-

368 1355 459 1433 ciam,
474 1367 506 1418 et
521 1353 690 1437 sacrilegiis
707 1356 825 1437 regiam
849 1352 1065 1417 accommodat
1088 1354 1321 1417 auctoritatem.

370 1456 511 1532 Ariolos,
526 1455 631 1539 inquit
647 1454 816 1529 Dominus,
840 1463 872 1516 et
885 1475 994 1536 magos
1009 1476 1047 1515 ue
1058 1454 1190 1538 patiaris
1202 1455 1318 1517 vivere.

369 1562 417 1624 At
432 1557 485 1620 ille
501 1556 541 1622 ad
556 1578 653 1641 quem
668 1578 770 1621 sermo
788 1554 852 1618 Dei
867 1554 1028 1638 dirigitur,
1044 1567 1076 1618 et
1098 1555 1155 1641 qui
1176 1554 1323 1640 gladium

370 1670 478 1745 portat
493 1657 534 1720 ad
549 1655 720 1720 vindictam
734 1654 987 1731 malefactorum,
1003 1656 1158 1719 bonorum
1174 1656 1319 1740 gloriam,

370 1782 431 1824 non
458 1758 554 1822 modo
582 1757 699 1822 talibus
728 1756 929 1821 securitatem
960 1756 1028 1834 dat,
1053 1757 1109 1821 sed
1135 1758 1321 1844 promissam

370 1885 478 1949 pacem
498 1861 673 1947 juramenti
695 1858 846 1943 religione
862 1859 1038 1925 confirmat.
1083 1862 1128 1925 Et
1151 1860 1195 1924 sic
1216 1860 1321 1924 evenit

370 1977 407 2031 ut
422 1963 453 2027 in
468 1963 597 2049 proprio
612 1961 753 2049 periculo
763 1960 876 2041 discat,
886 1983 982 2046 quam
999 1961 1142 2047 perplexi
1158 1961 1221 2026 sint
1231 1962 1321 2025 nervi

370 2065 586 2132 testiculorum
600 2062 789 2137 Leviathan,
803 2082 903 2146 quum
917 2062 976 2125 sibi
988 2063 1159 2128 tetenderit
1170 2061 1321 2148 laqueum

369 2168 489 2255 proprii
500 2167 614 2253 operis,
627 2191 647 2231 a
660 2188 726 2251 qno
741 2166 806 2229 sine
822 2164 934 2229 salutis
948 2164 1115 2250 dispendio
1131 2188 1192 2229 non
1204 2163 1321 2229 evadit.

370 2270 411 2333 Ei
423 2272 489 2357 jam
506 2283 593 2334 arcta
608 2267 798 2353 complexio,
813 2277 844 2329 et
859 2278 1012 2330 cornutus
1032 2266 1163 2353 quidam
1178 2266 1321 2330 imminet

371 2371 587 2458 syllogismus:
614 2369 646 2433 Si
660 2368 861 2454 Pythonissae
876 2367 1029 2452 parcitur,
1042 2367 1172 2431 Domini
1185 2366 1323 2431 violatur

369 2474 551 2561 imperium,
576 2469 791 2558 praecipientis
821 2482 858 2533 ut
887 2467 1039 2532 maleficia
1067 2468 1250 2554 hujusmodi
1282 2468 1322 2531 de

370 2589 453 2640 terra
478 2576 667 2639 eradantur:
700 2573 727 2638 si
749 2593 812 2635 non
835 2571 988 2657 parcitur,
1007 2571 1183 2655 juramenti
1208 2572 1322 2655 religio

369 2678 511 2743 vitiatur.
557 2679 758 2761 Quocunque
781 2696 814 2738 se
836 2686 941 2762 uertat
966 2671 1093 2757 impius,
1117 2674 1321 2758 comprehen-

370 2780 458 2844 ditur
483 2781 516 2843 in
538 2778 688 2864 operibus
711 2776 783 2842 suis.
829 2775 924 2841 Dixit
949 2796 1024 2859 ergo
1049 2774 1179 2839 mulier:
1215 2774 1319 2848 Quem

372 2881 530 2947 suscitabo
543 2880 626 2945 tibi?
650 2880 712 2957 Qui
727 2883 783 2958 ait,
800 2879 989 2943 Samuelem.
1034 2878 1185 2943 Omnium
1201 2891 1322 2965 tempo-

370 3007 441 3048 rum
459 3007 522 3048 una
537 2996 583 3048 est
599 2982 687 3063 fidae,
704 2981 809 3046 Deum
825 3004 904 3058 esse,
920 2981 1120 3067 eundemque
1137 2982 1273 3068 justum,
1287 2995 1319 3046 et

369 3087 500 3163 bonum,
516 3099 548 3151 et
564 3097 830 3149 remuneratorem
846 3086 1039 3169 sperantium
1063 3084 1095 3146 iu
1118 3107 1162 3160 se,
1177 3084 1320 3148 omnium

368 3189 461 3275 plene
472 3189 592 3254 meritis
607 3186 863 3274 respondentem,
876 3197 949 3249 ante
963 3186 1077 3270 legem,
1090 3188 1151 3252 sub
1165 3186 1246 3272 lege,
1259 3188 1321 3251 sub

368 3289 486 3376 gratia:
510 3290 626 3354 nemini
639 3302 762 3354 rectum
775 3288 922 3375 sapienti,
935 3287 1021 3353 venit
1031 3288 1118 3354 istud
1130 3289 1162 3353 in
1174 3288 1317 3355 dubium.

371 3392 445 3456 Sine
474 3392 535 3456 ista
560 3415 652 3456 nemo
679 3414 821 3478 unquam
846 3393 1006 3477 ingressus
1032 3404 1079 3456 est
1105 3392 1146 3456 ad
1176 3395 1317 3457 salutem.

373 3499 491 3560 Verum
518 3493 575 3580 qui
601 3508 685 3559 errat
710 3492 743 3557 in
769 3493 919 3571 minimis,
945 3493 1099 3579 paulatim
1130 3494 1172 3558 ad
1200 3494 1320 3580 majora

370 3595 560 3682 prolabitur.
606 3596 658 3659 Sic
679 3595 739 3660 iste
760 3598 865 3682 primo
887 3597 1062 3680 negligens,
1079 3595 1194 3661 deinde
1213 3596 1320 3660 inobe·

368 3698 468 3777 diens,
480 3698 685 3783 postmodum
701 3710 884 3777 contumax,
899 3697 1013 3761 exinde
1027 3697 1217 3775 obstinatus,
1233 3712 1320 3784 post-

369 3820 455 3862 remo
477 3801 519 3862 ad
542 3822 610 3863 eam
636 3798 806 3884 prolapsus
828 3810 876 3862 est
899 3797 1085 3878 caecitatem,
1099 3810 1137 3861 ut
1160 3820 1217 3862 nec
1240 3820 1321 3883 prae-

368 3899 490 3963 dictum
509 3897 680 3963 articulum
695 3897 770 3960 fidei
786 3896 845 3961 sibi
861 3908 965 3961 servet
976 3897 1175 3963 incolumem.
1214 3902 1320 3964 Deum

369 4002 484 4064 etenim
509 4000 635 4085 justum
667 4019 900 4083 usquequaque
926 4019 988 4060 non
1014 3997 1161 4073 credidit,
1187 4002 1321 4083 opinans

368 4101 465 4165 etiam
490 4104 524 4164 in
550 4113 675 4164 sanctos
699 4112 772 4185 post
797 4099 921 4163 exitum
947 4102 1021 4164 vitae
1047 4098 1153 4183 hujus,
1175 4099 1320 4186 malignis

367 4203 532 4288 spiritibus
546 4198 725 4267 concessam
736 4213 938 4286 potestatem.
977 4201 1118 4264 Noverat
1133 4203 1215 4263 enim
1229 4223 1318 4265 sanc-

369 4318 439 4367 tum
470 4303 648 4368 Samuelem
677 4302 865 4389 Pythonicis
894 4324 956 4366 nou
982 4302 1217 4384 obtemperasse
1242 4300 1319 4363 dum

414 4424 487 4471 von.
505 4424 554 4470 111.
836 4424 856 4468 1.
