3384 5234
337 665 407 711 cnr.
422 648 483 728 vn]
707 665 966 713 ronrcnamcns.
1230 656 1291 715 175

336 814 522 880 sollicitator
535 815 686 890 incestus,
704 826 741 880 ut
755 838 856 902 quum
871 816 1011 880 amicum
1026 815 1190 881 blanditiis
1211 840 1294 903 proe-

336 916 523 1003 corruperit,
538 939 628 981 more
643 917 878 982 meretricantis
892 917 1053 982 fortunam
1069 916 1228 1005 surripiat,
1239 942 1294 985 ex·

335 1031 448 1085 tennet
459 1019 637 1097 facultates,
650 1019 756 1084 aliena
769 1020 804 1084 in
820 1042 854 1084 se
869 1031 1022 1103 congerat
1033 1021 1143 1107 spolia,
1156 1032 1190 1086 et
1200 1045 1293 1087 snum

335 1122 443 1187 omnia
463 1132 628 1187 convertat
647 1122 688 1187 ad
708 1122 844 1187 lucrum.
890 1122 1036 1187 Efficitnr
1057 1146 1134 1209 ergo
1154 1125 1294 1190 utnulla

335 1224 376 1288 sit
390 1224 421 1288 ei
436 1224 571 1289 molesta
591 1223 712 1289 servilis
733 1222 974 1300 obsecundatio,
994 1225 1120 1290 nullum
1141 1225 1293 1291 indecens

335 1327 482 1391 videatur
500 1326 702 1412 obsequium,
718 1326 864 1390 omnium
884 1325 1058 1392 officiorum
1079 1350 1229 1413 personas
1244 1329 1295 1392 in·

335 1429 416 1510 duit,
439 1429 518 1494 dnm
541 1429 676 1515 praemia
701 1428 845 1493 omniurn
872 1428 1093 1495 fraudulenter
1118 1430 1291 1517 praeripiat.

336 1532 404 1608 Qui
419 1543 493 1598 sunt
507 1533 594 1598 enim
610 1532 666 1619 qui
682 1531 822 1597 vestibus
836 1532 952 1609 nitent,
967 1532 1023 1619 qui
1039 1533 1189 1618 fastigiati
1204 1534 1292 1599 iuce-

335 1635 429 1713 dunt,
445 1636 500 1722 qui
514 1635 762 1722 sequipedarum
782 1634 940 1720 stipantur
955 1635 1119 1713 comitatu,
1135 1636 1293 1701 commili-

335 1751 448 1802 tonum
471 1747 506 1801 et
530 1735 809 1802 contubernalium
833 1736 1026 1801 dealbantur
1050 1736 1214 1825 obsequio,
1237 1739 1293 1826 qui

335 1838 447 1926 primis
472 1839 715 1905 salutationibus
738 1838 771 1903 in
794 1839 863 1903 foro
887 1839 1074 1924 gloriantur,
1095 1841 1151 1928 qui
1173 1840 1292 1926 primos

336 1942 499 2008 recubitus
517 1942 640 2007 habent
653 1942 691 2024 in
712 1941 821 2019 coenis,
845 1963 981 2029 quorum
999 1964 1092 2007 aures
1111 1943 1294 2008 mulcentur

336 2045 480 2111 fomento
509 2045 756 2131 praenominum,
787 2056 821 2109 et
850 2046 967 2132 quibus
996 2046 1151 2112 nobilium
1182 2046 1294 2112 molles

337 2159 518 2213 reserantur
532 2148 701 2213 auriculae:
722 2169 801 2234 quos
815 2147 953 2212 fortunae
967 2149 1069 2233 gratia
1084 2148 1206 2214 alarum
1223 2172 1296 2215 sua·

335 2274 406 2316 rum
430 2251 565 2336 remigio
587 2251 630 2316 ad
655 2249 806 2315 sublimia
830 2251 979 2317 subvehit
1001 2263 1035 2317 et
1062 2252 1197 2332 extollit,
1220 2263 1255 2317 et
1275 2274 1295 2318 a

335 2353 452 2441 quibus
467 2353 624 2441 quaelibet
637 2374 755 2437 magna
774 2353 900 2429 domus,
916 2354 1128 2439 dispositionis
1148 2377 1216 2419 suae
1230 2354 1295 2420 for·

335 2456 457 2521 mulam
472 2455 580 2532 trahit,
597 2466 631 2520 et
645 2454 790 2519 habitum
812 2456 1003 2521 mutuatur?
1040 2456 1168 2543 Nempe
1183 2457 1293 2523 adula-

335 2569 430 2638 tores,
447 2558 503 2645 qui
518 2557 660 2623 alienum
676 2556 789 2623 vivunt
802 2559 844 2623 ad
859 2569 986 2635 nutum,
1002 2558 1080 2621 dum
1096 2582 1150 2623 eos
1164 2559 1295 2625 fraudu·

335 2658 439 2724 lenter
460 2670 647 2745 emungant.
691 2658 819 2726 Veritas
837 2681 949 2746 aspera
971 2669 1030 2741 est,
1051 2670 1085 2724 et
1103 2658 1293 2747 plerumque

335 2761 515 2826 molestiam
540 2762 633 2849 parit,
658 2762 737 2828 dnm
762 2762 904 2849 aliquem
934 2762 1065 2849 palpare
1090 2761 1292 2847 dedignatur.

337 2864 460 2928 Verum
476 2864 656 2931 amaritudo
671 2868 743 2953 ejus
760 2866 869 2931 utilior
883 2875 942 2944 est,
955 2877 989 2931 et
1002 2866 1134 2950 integris
1149 2864 1293 2932 sensibus

334 2967 464 3052 gratior,
488 2990 585 3055 quam
607 2968 841 3034 meretricantis
864 2968 984 3054 linguae
1010 2966 1169 3033 distillans
1194 2968 1293 3035 favus.

337 3067 477 3133 Meliora
500 3068 659 3155 siquidem
681 3079 757 3135 sunt
781 3069 917 3155 (Sancto
941 3067 1112 3132 Salomone
1138 3071 1290 3152 testante)

335 3171 429 3235 amici
449 3173 594 3250 verbera,
615 3194 712 3259 quam
733 3171 937 3237 fraudulenta
959 3171 1067 3236 oscula
1088 3170 1291 3238 blandientis.

336 3273 489 3349 Quidni?
533 3274 630 3340 Fides
659 3273 746 3339 enim
776 3273 921 3361 perfidiae
951 3295 1078 3360 semper
1107 3274 1292 3342 antefertur.

336 3376 411 3441 Non
427 3387 539 3441 manet
553 3377 633 3442 fides
651 3377 830 3455 incolumis,
846 3378 903 3443 ubi
923 3376 1009 3443 aliud
1026 3376 1140 3462 agitur,
1157 3389 1190 3441 et
1204 3378 1293 3443 aliud

215 3494 216 3498 ’
335 3476 516 3557 simulatur,
545 3477 722 3563 praesertim
753 3478 860 3543 animo
890 3490 924 3543 et
952 3477 1115 3543 voluntate
1145 3480 1292 3547 nocendi.

334 3578 465 3644 Dicitur
478 3578 565 3643 enim
587 3580 677 3659 fides,
693 3580 719 3645 si
738 3580 903 3667 sequimur
926 3581 1059 3663 Stoicos,
1074 3604 1113 3645 eo
1134 3582 1221 3667 qnod
1235 3582 1293 3650 fiat

333 3682 420 3769 qnod
446 3680 660 3749 dictumest:
697 3682 770 3747 Lux
796 3705 880 3761 mea,
905 3683 990 3748 salus
1018 3706 1104 3763 mea,
1131 3684 1290 3770 refugium

332 3804 454 3865 meum,
466 3806 520 3849 cor
534 3806 656 3867 meum,
668 3795 702 3848 et
716 3784 782 3848 vita
797 3806 881 3866 mea,
892 3784 957 3849 dux
972 3785 1101 3862 invicte,
1114 3785 1291 3851 viventium

332 3886 575 3972 sapientissime,
605 3887 749 3952 omnium
779 3886 957 3972 largissime
988 3900 1021 3952 et
1050 3887 1292 3972 benignissime,

332 3988 460 4055 vivendi
472 3990 584 4067 forma,
597 3988 722 4054 virtutis
738 3990 915 4076 speculum,
929 4001 963 4055 et
977 4000 1095 4054 caetera
1110 3986 1292 4076 hujusmodi

332 4092 515 4178 importune
530 4091 665 4175 ingesta,
682 4113 787 4156 nonne
809 4091 906 4178 plena
921 4101 1006 4173 sunt,
1020 4113 1084 4156 non
1100 4103 1166 4155 tam
1182 4090 1293 4156 adula-

333 4193 427 4257 tionis
443 4194 529 4271 vitio,
546 4215 643 4280 quarn
660 4194 809 4259 veneno?
847 4194 931 4258 Sunt
945 4193 1034 4257 enim
1054 4192 1111 4278 qui
1130 4214 1190 4257 nec
1205 4215 1291 4257 scur-

335 4294 432 4359 rantis
455 4296 596 4381 speciem
621 4296 731 4376 vitant,
757 4319 859 4383 quum
888 4294 1063 4360 amicitiam
1092 4294 1290 4378 profitentur.
