3384 5234
400 708 464 768 220
562 754 567 763 .
668 720 803 766 romnus
818 720 1096 765 saansaaamusm
1208 701 1290 780 [um.
1307 720 1352 765 iv.

402 872 502 936 inesse
517 871 725 957 principibus,
741 870 817 935 dum
834 871 977 934 homines
997 870 1130 935 nutibus
1145 892 1256 932 eorum
1272 869 1353 933 colla

402 973 607 1049 submittunt,
630 985 661 1036 et
689 972 792 1037 securi
817 971 1008 1057 plerumque
1030 970 1186 1034 feriendas
1208 971 1355 1057 praebent

401 1075 547 1152 cervices,
562 1087 594 1139 et
609 1073 747 1159 impulsu
763 1072 873 1135 divino
887 1071 1022 1158 quisque
1038 1074 1138 1145 timet,
1153 1071 1270 1157 quibus
1284 1073 1353 1157 ipse

403 1174 508 1238 timori
528 1188 585 1241 est.
631 1174 725 1252 Quod
747 1174 814 1237 fieri
835 1195 928 1257 posse
949 1195 1011 1235 nou
1028 1173 1177 1249 arbitror,
1193 1175 1252 1236 nisi
1267 1184 1350 1235 nutu

401 1274 536 1339 faciente
551 1275 669 1339 divino.
715 1273 826 1336 Omnis
843 1273 927 1335 enim
943 1284 1084 1357 potestas
1099 1296 1117 1335 a
1132 1272 1260 1336 domino
1281 1277 1352 1337 Deo

401 1389 461 1452 est,
477 1388 509 1440 et
524 1397 596 1439 cum
611 1375 667 1439 illo
681 1374 745 1438 fuit
759 1396 893 1459 semper,
905 1385 938 1437 et
953 1385 1085 1438 estante
1101 1397 1216 1439 aevum.
1254 1373 1350 1449 Quod

401 1477 502 1562 igitur
524 1480 669 1564 princeps
691 1486 807 1560 potest,
830 1475 876 1537 ita
897 1496 916 1537 a
939 1478 1010 1538 Deo
1032 1488 1091 1555 est,
1113 1489 1149 1540 ut
1171 1488 1312 1563 potestas
1334 1500 1353 1541 a

401 1579 541 1643 Domino
566 1600 628 1640 uon
654 1576 789 1655 recedat,
813 1575 868 1639 sed
890 1599 928 1639 ea
950 1576 1054 1640 utitur
1076 1600 1134 1663 per
1156 1578 1352 1664 suppositam

401 1701 540 1756 manum,
556 1678 587 1742 in
603 1677 750 1742 omnibus
764 1677 941 1741 doctrinam
958 1677 1078 1743 faciens
1092 1678 1279 1757 clementiae,
1295 1693 1351 1745 aut

397 1782 533 1866 justitiae
556 1804 633 1845 suae.
678 1779 741 1857 Qui
764 1801 841 1863 ergo
861 1779 980 1843 resistit
1002 1780 1164 1864 potestati,
1182 1784 1245 1845 Dei
1267 1781 1353 1845 ordi·

401 1881 520 1946 nationi
535 1881 663 1961 resistit,
677 1902 774 1966 penes
793 1902 888 1965 quem
908 1893 955 1943 est
975 1882 1150 1946 auctoritas
1171 1882 1352 1945 conferendi

401 2004 481 2062 eam,
509 1995 541 2047 et
571 2004 671 2067 quum
696 1981 777 2059 vult,
800 1980 978 2059 auferendi,
1003 1981 1054 2044 vel
1083 1982 1246 2046 minuendi
1272 2006 1351 2048 eam.

401 2087 516 2169 Neque
527 2083 608 2145 enim
621 2082 759 2167 potentis
769 2095 827 2158 est,
838 2103 940 2166 quum
951 2080 1021 2145 vult
1034 2082 1141 2146 saevire
1151 2082 1182 2146 in
1196 2083 1352 2164 subditos,

401 2185 456 2249 sed
471 2183 586 2248 divinae
601 2181 854 2269 dispensationis,
866 2204 925 2268 pro
939 2181 1137 2268 beneplacito
1152 2205 1210 2247 suo
1225 2183 1351 2269 punire,

401 2284 451 2348 vel
476 2307 620 2348 exercere
646 2284 814 2369 subjectos.
860 2282 956 2348 Unde
982 2295 1015 2347 et
1042 2283 1075 2345 in
1103 2283 1351 2369 persequutione

402 2388 609 2464 Hunnorum,
624 2385 725 2450 Attila
742 2384 957 2469 interrogatus
976 2407 996 2447 a
1016 2383 1161 2469 religioso
1182 2385 1350 2470 cujusdam

401 2488 717 2573 civitatisEpiscopo,
727 2488 800 2573 quis
810 2500 907 2562 esset3
923 2485 1259 2571 quumrespondisset:
1277 2488 1351 2572 Ego

401 2612 471 2654 sum
488 2588 589 2655 Attila
604 2588 766 2674 flagellum
778 2587 853 2664 Dei,
869 2600 1036 2653 veneratus
1050 2587 1082 2651 in
1097 2610 1135 2652 eo
1150 2600 1187 2652 ut
1202 2587 1351 2653 scribitur

400 2691 539 2755 divinam
556 2692 751 2778 majestatem
767 2689 952 2775 episcopus;
983 2691 1080 2767 Bene,
1096 2687 1214 2777 inquit,
1230 2691 1350 2757 venerit

400 2793 544 2857 minister
560 2792 641 2856 Dei:
666 2805 698 2855 et
713 2791 811 2856 illud:
850 2790 1044 2854 Benedictus
1067 2791 1123 2877 qui
1142 2790 1276 2855 venitin
1297 2814 1353 2855 no·

401 2896 485 2958 mine
513 2892 642 2957 Domini
667 2892 876 2977 ingeminans,
898 2891 1042 2956 reseratis
1067 2891 1205 2955 ccclesiae
1230 2893 1354 2957 foribus

400 3008 661 3081 persequutorem
680 2993 819 3072 admisit,
842 3016 899 3078 per
921 3015 1018 3078 quem
1040 3006 1071 3057 et
1092 3008 1284 3079 assequutus
1304 3008 1352 3059 est

400 3096 543 3183 martyrii
559 3100 706 3183 palmam.
746 3095 924 3180 Flagellum
940 3094 1022 3157 enim
1038 3095 1168 3159 Domini
1183 3095 1351 3173 excludere

401 3219 463 3260 non
479 3197 629 3273 audebat,
645 3197 745 3259 sciens
764 3193 842 3281 quia
857 3194 992 3259 dilectus
1007 3190 1093 3257 filius
1113 3193 1304 3279 flagellatur,
1320 3187 1352 3260 et

401 3322 457 3363 nec
472 3298 572 3384 ipsius
587 3296 703 3382 flagelli
720 3319 785 3360 esse
802 3296 862 3359 nisi
877 3317 896 3358 a
912 3294 1051 3359 Domino
1067 3307 1271 3379 potestatem.
1319 3296 1353 3361 Si

400 3402 510 3486 itaque
531 3400 611 3464 adeo
633 3397 818 3463 venerabilis
843 3412 891 3461 est
913 3395 1005 3461 bonis
1028 3409 1178 3481 potestas,
1201 3399 1296 3463 ctiam
1318 3401 1351 3463 in

400 3500 494 3586 plaga
509 3500 690 3574 electorum,
708 3500 780 3584 quis
796 3520 864 3561 eam
880 3519 942 3560 non
959 3509 1139 3577 veneretur,
1154 3521 1228 3584 quae
1244 3522 1264 3562 a
1284 3503 1351 3564 Do-

401 3602 486 3664 mino
505 3600 652 3663 instituta
673 3611 731 3676 est,
751 3599 792 3663 ad
815 3596 987 3660 vindictam
1010 3596 1262 3673 malefactorum,
1283 3597 1351 3661 lau·

401 3703 473 3767 dem
490 3724 564 3765 vero
576 3701 743 3783 bonorum,
754 3714 785 3765 et
795 3701 922 3785 legibus
933 3700 1103 3764 devotione
1114 3701 1351 3787 promptissima

399 3803 594 3869 famulatur?
618 3803 725 3886 Digna
735 3802 891 3888 siquidem
908 3825 970 3867 vox
983 3813 1040 3879 est,
1052 3812 1089 3866 ut
1099 3803 1144 3867 ait
1159 3803 1350 3887 Imperator,

399 3908 563 3995 majestate
585 3906 759 3991 regnantis,
778 3928 811 3968 se
833 3904 960 3989 legibus
982 3905 1148 3989 alligatum
1171 3906 1350 3992 principem

397 4009 548 4096 profiteri.
594 4007 678 4082 Quia
693 4006 733 4069 de
751 4005 836 4092 juris
850 4006 1049 4082 auctoritate,
1066 4006 1219 4092 principis
1233 4007 1351 4092 pendet

398 4108 588 4180 auctoritas3
616 4119 648 4170 ct
670 4128 780 4169 revera
802 4107 905 4191 majus
926 4106 1062 4190 imperio
1084 4120 1143 4182 est,
1167 4104 1352 4169 submittere

398 4208 521 4293 legibus
550 4207 783 4292 principatum;
819 4219 855 4271 ut
886 4208 965 4270 nibil
994 4207 1054 4271 sibi
1085 4208 1233 4293 princeps
1257 4206 1350 4272 licere

400 4312 558 4396 opinetur,
575 4308 661 4394 quod
678 4332 697 4373 a
707 4308 845 4392 justitiae
862 4308 1014 4394 aequitate
1029 4307 1199 4375 discordet.
