3384 5234
415 667 477 727 128
671 682 807 727 maurus
824 681 1101 728 saansaaamusrs
1229 667 1311 748 [me.
1327 688 1364 732 11.

414 916 492 1000 Cap.
516 922 568 979 25.
602 918 695 991 Quod
719 926 948 999 arqumentum
975 943 996 982 a
1022 922 1113 1002 eiquo
1140 943 1198 985 suo
1226 945 1293 986 non
1319 933 1366 989 est

456 1020 679 1092 necessarium,
702 1025 733 1081 et
752 1021 792 1082 de
812 1021 968 1099 Ezechiae,
991 1023 1108 1096 Achab,
1131 1030 1162 1086 et
1184 1020 1363 1099 Ninivitisss

455 1125 486 1181 et
500 1120 585 1200 quod
597 1141 633 1183 ea
650 1140 721 1201 qtae
735 1122 976 1203 amplectatur,
993 1125 1115 1186 mutari
1125 1133 1270 1206 possunt.

456 1254 525 1317 Suu
551 1253 634 1317 forte
663 1253 876 1319 familiaribus
901 1256 1019 1320 veritas
1043 1256 1188 1340 loquens,
1212 1263 1285 1323 Non
1317 1273 1364 1325 est

414 1366 566 1435 vestrum,
585 1359 640 1431 ait,
665 1368 700 1420 ut
721 1368 842 1420 tantam
871 1359 1116 1443 praerogativam
1142 1360 1262 1440 alienis,
1284 1374 1366 1445 puta

413 1445 661 1532 Mathematicis,
692 1469 876 1522 reservaret.
937 1460 1028 1536 Esto,
1062 1459 1087 1522 si
1125 1471 1230 1523 tamen
1263 1461 1366 1525 fidelis

412 1556 536 1622 animus
560 1559 742 1644 acquiescit.
789 1560 851 1623 Sed
878 1572 1009 1644 quanta,
1034 1573 1070 1625 ut
1093 1562 1284 1647 praedictum
1306 1575 1365 1639 est,

411 1668 459 1721 est
473 1657 544 1723 haec
559 1659 718 1724 certitudo
733 1662 923 1745 signorum?
957 1662 1082 1747 Nempe
1099 1662 1199 1748 quuin

657 1769 733 1835 signa
744 1772 847 1819 meatus

517 1850 665 1905 Deseruere
677 1868 745 1916 suos,

410 1974 528 2016 novum
540 1951 661 2035 aliquid
674 1951 815 2015 creditur
827 1951 1000 2015 imminere.
1040 1957 1113 2016 Non
1127 1954 1209 2017 enim
1221 1978 1362 2043 eousque

409 2052 578 2129 contendo,
600 2067 707 2118 utres
729 2076 860 2137 magnas
882 2053 977 2116 nullis
1000 2076 1141 2139 unquam
1165 2058 1291 2121 credam
1315 2062 1360 2122 in-

409 2152 501 2218 diciis
510 2151 793 2239 praeveniri,quum
803 2153 836 2215 in
847 2152 959 2225 sole,et
969 2153 1179 2239 luna,etipsis
1188 2156 1362 2236 elementis,

409 2266 442 2318 et
463 2265 578 2318 ornatu
600 2276 722 2331 eorum,
745 2253 807 2317 vim
830 2252 1072 2337 significativam
1094 2278 1114 2317 a
1136 2258 1276 2321 Domino
1294 2282 1361 2322 esse

409 2353 584 2417 didicerim.
622 2356 782 2419 Caeterum
798 2368 898 2419 artem
914 2378 991 2431 esse,
1007 2378 1073 2441 qua
1087 2357 1161 2441 quis
1176 2357 1216 2422 de
1231 2359 1360 2433 futuris,

408 2457 449 2521 ad
470 2457 578 2520 omnia
595 2457 790 2541 interrogata
812 2479 923 2521 verum
945 2457 1147 2542 respondeat,
1161 2473 1218 2523 aut
1233 2461 1361 2524 omnino

408 2581 471 2623 non
501 2580 579 2639 esse,
604 2572 660 2625 aut
689 2560 830 2624 nondum
860 2559 1034 2624 innotuisse
1064 2559 1255 2639 hominibuS,
1282 2562 1360 2625 mihi

408 2662 584 2727 multorum
618 2662 818 2738 auctoritate,
849 2673 881 2725 et
916 2662 1050 2739 ratione,
1080 2685 1266 2748 persuasum
1302 2676 1360 2727 est.

409 2762 505 2837 Quod
520 2763 546 2825 si
561 2761 621 2826 tibi
638 2761 826 2846 persuadere
846 2783 908 2824 non
927 2785 1068 2847 possum,
1084 2763 1287 2829 obstantibus
1302 2763 1362 2844 his,

407 2886 482 2949 quae
497 2862 574 2926 mihi
589 2863 630 2927 de
639 2861 850 2949 providentia,
859 2875 890 2927 et
903 2863 981 2940 fato,
993 2862 1207 2928 indesinenter
1216 2866 1362 2952 opponiS,

406 2965 549 3051 mihique
561 2964 815 3052 repugnantibus
825 2964 992 3052 exemplis,
1005 2988 1079 3051 quae
1090 2966 1131 3030 de
1145 2966 1240 3030 variis
1254 2966 1360 3030 adfers

407 3067 564 3141 historiis;
584 3067 731 3153 persuasi
750 3080 856 3132 tamen
877 3067 965 3144 mihi,
982 3067 1058 3131 huic
1078 3089 1141 3132 non
1162 3072 1361 3155 acquiescere

408 3170 550 3235 vanitati.
582 3171 655 3234 Non
671 3169 819 3256 equidem
832 3170 996 3254 signorum
1013 3170 1277 3255 signatorumque
1292 3191 1360 3234 eam

406 3270 632 3335 cohaerentiam
646 3270 795 3346 arbitror,
811 3281 849 3333 ut
864 3270 1000 3333 alterum
1016 3292 1056 3332 ex
1072 3269 1172 3333 altero
1186 3270 1360 3335 necessario

406 3380 628 3457 consequatur.
674 3371 742 3432 Cur
764 3373 810 3433 ita
830 3369 1033 3448 crediderim,
1054 3369 1114 3433 nisi
1137 3383 1169 3435 te
1195 3371 1359 3435 curialium

406 3494 501 3556 nugae
524 3470 679 3544 detinent,
707 3468 791 3532 audi.
844 3471 916 3531 Rex
942 3468 1099 3531 Ezechias
1124 3471 1292 3553 aegrotavit
1318 3470 1360 3534 ad

384 3583 550 3635 mortem.
594 3571 650 3632 An
672 3589 735 3631 non
757 3566 861 3631 credis
884 3588 988 3651 regem
1016 3569 1039 3629 J
1042 3568 1107 3631 uda
1129 3567 1288 3632 medicum
1310 3573 1360 3633 in·

405 3669 541 3746 venisse,
561 3671 617 3754 qui
639 3668 751 3745 urinae,
774 3680 806 3731 et
827 3667 950 3753 pulsuS,
974 3678 1006 3731 et
1027 3666 1254 3752 multiplicium
1276 3689 1358 3751 prae·

405 3771 624 3857 gnosticorum
654 3769 783 3846 indicio,
813 3768 916 3832 morbi
945 3766 1196 3853 deprehenderet
1233 3771 1360 3853 quanti·

409 3877 526 3940 tatem?
564 3871 689 3937 Deinde
704 3891 888 3957 responsum
912 3868 1024 3933 mortis
1038 3869 1121 3932 forte
1141 3881 1304 3955 acceperat
1327 3870 1360 3933 in

406 4001 537 4065 corpore
546 4000 617 4054 suo,
630 3974 731 4061 quiec
742 3996 844 4059 usque
853 3972 1028 4058 perductus
1037 3984 1096 4049 est,
1109 3985 1146 4036 ut
1156 3994 1188 4035 se
1200 3971 1359 4036 victurum

407 4079 541 4145 ulterius
556 4100 619 4143 non
632 4088 782 4162 speraret.
814 4076 980 4139 Postremo
991 4073 1129 4161 Spiritus
1139 4084 1266 4137 sanctus
1277 4096 1360 4137 mor-

406 4197 471 4248 tem
500 4180 670 4245 nunciabat
700 4189 801 4241 astate
833 4198 897 4263 prae
927 4175 1058 4243 foribus.
1107 4174 1201 4253 Quod
1233 4175 1359 4260 signum

406 4285 524 4351 certius
539 4282 678 4371 quaeris?
716 4278 802 4357 Quid
818 4294 940 4343 certum
957 4290 1016 4358 est,
1033 4292 1068 4343 ut
1085 4278 1126 4343 de
1141 4277 1212 4343 aliis
1227 4289 1359 4351 taceam,
