3384 5234
316 707 387 755 car.
404 692 472 771 111.]
651 707 906 752 eorrcasrrcus.
1199 700 1262 756 225

314 856 457 921 nonnihil
474 869 587 921 tamen.
623 846 827 944 Sapientibus
842 881 918 942 ergo
933 872 964 922 et
978 858 1201 943 insipientibus
1211 860 1266 925 de-

314 958 398 1021 bitor
412 972 471 1034 est,
483 959 605 1044 pusillis
620 972 652 1023 et
664 960 847 1045 majoribus.
878 963 960 1034 Quae
972 960 1102 1046 quidem
1114 962 1268 1046 inspectio

313 1059 489 1123 communis
514 1072 562 1122 est
591 1058 732 1122 omnium
762 1057 980 1143 praelatorum,
1006 1073 1038 1123 et
1068 1083 1178 1123 eorum
1209 1063 1266 1146 qui

311 1160 525 1245 spiritualium
547 1183 655 1223 curam
677 1170 805 1245 gerunt,
831 1174 863 1224 et
886 1161 943 1244 qui
965 1161 1146 1225 saecularem
1165 1162 1266 1246 juris·

309 1261 479 1325 dictionem
502 1277 657 1326 exercent.
711 1260 808 1325 Unde
831 1274 864 1325 et
895 1262 1141 1339 Melchisedech,
1166 1287 1261 1348 quem
1309 1297 1314 1305 Δ

311 1363 448 1449 primurn
466 1362 621 1449 scriptura
636 1386 741 1447 regem
764 1363 939 1427 introducit
955 1376 988 1427 et
1006 1365 1209 1439 sacerdotem,
1226 1383 1264 1431 ut

312 1463 352 1526 ad
369 1485 508 1548 praesens
520 1463 704 1547 mysterium
719 1475 870 1541 taceatur,
881 1486 947 1548 quo
957 1464 1142 1549 praefigurat
1155 1467 1263 1532 Chris-

313 1577 394 1640 tum,
411 1564 466 1648 qui
486 1565 517 1626 in
538 1563 625 1627 coelis
648 1564 713 1626 sine
736 1576 848 1643 matre,
864 1578 895 1627 et
917 1565 950 1627 in
974 1566 1065 1629 terris
1088 1568 1153 1631 sine
1175 1583 1264 1653 patre

311 1678 408 1730 natus
419 1677 483 1729 est:
507 1665 571 1741 ille,
580 1665 722 1751 inquam,
733 1687 789 1728 nec
801 1678 923 1749 patrem
935 1689 991 1730 nec
1002 1682 1132 1732 matrem
1145 1670 1265 1754 legitur

311 1768 470 1842 habuisse,
482 1790 545 1831 non
561 1767 649 1851 quod
665 1782 803 1852 utroque
815 1768 963 1841 caruerit,
974 1769 1028 1832 sed
1041 1770 1117 1855 quia
1127 1793 1262 1856 regnum

312 1887 344 1932 et
360 1867 571 1932 sacerdotium
582 1866 622 1929 de
637 1866 758 1930 ratione
772 1890 834 1930 non
848 1868 976 1952 pariunt
992 1892 1065 1933 caro
1076 1884 1108 1934 et
1123 1874 1263 1956 sanguis,

312 1973 451 2056 quumin
462 1968 759 2034 alterutrocreando
768 1981 937 2054 parentum
947 1984 1106 2054 respectus
1115 1972 1263 2038 citravir-

312 2086 419 2138 tutum
437 2075 549 2135 merita
563 2069 735 2155 praevalere
750 2094 812 2134 non
828 2071 953 2150 debeat,
965 2073 1019 2148 sed
1035 2074 1175 2138 salubria
1190 2076 1264 2139 sub-

306 2176 463 2260 jectorum
480 2171 621 2235 fidelium
637 2184 731 2245 vota;
756 2185 787 2235 et
804 2195 905 2257 quum
921 2171 1103 2240 alterutrius
1117 2175 1264 2240 culminis

310 2276 428 2361 apicem
446 2273 582 2359 quisque
596 2272 823 2350 conscenderit,
839 2274 983 2338 oblivisci
1003 2277 1098 2341 debet
1114 2279 1262 2341 affectum

310 2376 422 2455 carnis,
444 2390 475 2439 et
500 2375 534 2438 id
560 2373 662 2437 solum
688 2396 793 2458 agere,
818 2375 906 2460 quod
937 2378 1151 2461 subjectorum
1178 2380 1262 2444 salus

311 2476 462 2564 exposcit.
509 2476 667 2562 Subjectis
689 2477 799 2561 itaque
821 2491 913 2561 pater
934 2481 974 2541 sit
997 2491 1028 2540 et
1045 2480 1189 2558 marituS,
1206 2496 1261 2546 aut
1289 2464 1294 2473 ⁸

311 2582 335 2645 si
363 2579 548 2644 teneriorem
572 2578 693 2643 noverit
716 2576 924 2653 affectionem,
948 2590 1058 2642 utatur
1080 2602 1134 2644 ea:
1164 2584 1260 2645 amari

310 2682 410 2767 magis
425 2679 565 2758 studeat,
579 2702 675 2764 quam
693 2680 807 2760 timeri,
819 2693 850 2743 et
866 2702 898 2742 se
914 2680 1008 2744 talem
1026 2680 1088 2744 illis
1102 2682 1262 2760 exhibeat,

310 2797 347 2848 ut
370 2785 466 2848 vitam
488 2782 557 2866 ejus
574 2802 614 2842 ex
637 2780 804 2844 devotione
826 2781 998 2865 praelerant
1020 2804 1098 2860 suae,
1121 2798 1153 2847 et
1175 2784 1259 2847 inco·

309 2882 487 2947 lumitatem
502 2878 597 2957 itlius,
612 2879 772 2963 quandam
792 2882 952 2966 publicam
976 2896 1125 2968 reputent
1141 2883 1258 2956 vitam;

309 2997 340 3047 et
353 2983 382 3045 ei
394 2993 470 3046 tunc
481 2980 586 3042 omnia
596 2995 681 3044 recte
693 2981 877 3065 procedent,
889 2997 921 3047 et
937 3005 1111 3067 paucorum
1124 2986 1260 3069 stipatus

309 3082 471 3169 obsequio,
486 3081 681 3167 praevalebit,
698 3083 723 3146 si
743 3106 825 3169 opus
839 3097 899 3161 est,
914 3084 1068 3147 adversus
1082 3086 1261 3149 innumera·

240 3266 244 3271 ¹
308 3187 398 3252 biles.
444 3184 551 3254 Fortis
564 3184 681 3248 etenim
697 3197 796 3249 estut
812 3208 897 3249 mors
911 3184 1055 3260 dilectio;
1080 3198 1112 3249 et
1127 3210 1258 3265 cuneus,

310 3311 402 3375 quem
424 3286 560 3351 funiculi
581 3286 696 3350 amoris
717 3287 949 3372 constringunt,
971 3310 1033 3350 non
1055 3288 1147 3351 facile
1173 3312 1259 3353 rum-

307 3390 403 3474 pitur.
449 3389 604 3451 Dotenses
633 3409 706 3450 cum
732 3386 983 3451 Atheniensibus
1011 3389 1185 3472 pugnaturi
1216 3390 1256 3453 de

307 3502 424 3554 eventu
444 3486 547 3573 praelii
562 3485 692 3552 oracula
712 3486 949 3552 consuluerunt.
994 3490 1195 3573 Responsum
1210 3505 1258 3557 est

307 3590 483 3677 superiores
502 3588 581 3666 fore,
596 3587 655 3651 nisi
670 3609 776 3672 regem
793 3587 1035 3651 Atheniensium
1057 3590 1257 3659 occidissent.

308 3695 417 3767 Quum
439 3703 573 3754 ventum
586 3702 667 3753 esset
688 3689 720 3752 in
744 3688 874 3764 bellum,
891 3688 1048 3753 militibus
1063 3703 1137 3755 ante
1151 3696 1258 3761 omnia

306 3795 388 3879 regis
399 3791 542 3859 custodia
557 3791 755 3876 praecipitur.
794 3790 1048 3881 Atheniensibus
1061 3815 1099 3855 eo
1114 3807 1256 3879 tempore

307 3918 363 3958 rex
390 3894 513 3960 Codrus
536 3906 614 3958 erat.
659 3892 724 3966 Qui
748 3893 909 3978 responsio
935 3892 1007 3966 Dei,
1032 3906 1063 3956 et
1090 3900 1257 3980 praeceptis

307 3995 444 4059 hostium
460 3993 606 4079 cognitis,
616 3994 752 4072 mutatio
766 3991 850 4075 regis
865 3990 989 4067 habitu,
1006 4005 1162 4059 sarmenta
1176 3997 1258 4061 collo

308 4118 429 4178 gerens,
443 4095 475 4158 in
490 4106 595 4159 castra
608 4093 747 4157 hostium
763 4093 953 4177 ingreditur.
992 4096 1031 4156 In
1048 4096 1144 4159 turba
1157 4098 1257 4162 obsis-

309 4198 456 4271 tentium,
471 4218 490 4257 a
505 4195 605 4258 milite
619 4215 715 4277 quem
730 4193 811 4257 falce
831 4207 1041 4280 percusserat,
1056 4197 1256 4263 interficitur.

272 4312 280 4328 ⁴
310 4294 448 4375 Cognito
463 4295 545 4379 regis
555 4316 698 4379 corpore,
711 4298 869 4360 Dotenses
880 4294 946 4358 sine
958 4293 1068 4378 praelio
1079 4295 1257 4362 discedunt.

350 4414 421 4460 voa.
438 4414 487 4459 111.
759 4417 781 4464 Q
