3384 5234
369 718 439 763 cue.
455 700 546 779 x111.]
712 712 969 760 eourcuarrcus
1278 700 1319 756 57

368 881 442 932 trua
465 890 592 953 quoque
613 866 716 930 varias
739 866 856 929 habent
879 861 1133 947 significationes.
1179 859 1318 926 sienim

366 970 499 1033 afferant
511 991 736 1055 quamcunque
745 966 888 1031 fulminis
899 964 1071 1041 laesionenr,
1081 963 1221 1028 infausta
1232 974 1317 1028 suut.¹

367 1077 463 1144 Unde
478 1076 577 1141 illud:

437 1188 512 1258 Saepe
524 1184 622 1238 malum
632 1185 682 1237 hoc
694 1185 767 1237 nobis
781 1186 816 1251 (si
828 1199 903 1235 mens
914 1200 965 1234 non
975 1181 1042 1234 laeva
1053 1180 1163 1251 fuisset)

436 1273 478 1325 De
491 1272 552 1325 caelo
562 1276 646 1324 tactas
659 1272 766 1324 memini
777 1270 916 1341 praedicere
929 1286 1047 1338 quercus.

370 1370 409 1432 In
425 1367 474 1431 his
488 1384 596 1432 autem
611 1380 643 1431 et
658 1365 739 1430 illud
763 1364 984 1451 perpenditur,
1000 1386 1039 1427 an
1057 1362 1167 1427 semita
1187 1386 1251 1426 una
1265 1363 1321 1427 de-

371 1468 539 1549 scenderit,
552 1492 590 1533 an
606 1468 782 1532 multifaria
803 1466 884 1530 aeris
906 1465 1055 1550 ruptione
1076 1465 1209 1529 diffusos
1229 1479 1320 1551 'spar-

369 1572 444 1636 serit
460 1571 558 1653 ignes,
603 1574 675 1635 Hoc
689 1569 837 1654 equidem
855 1590 978 1653 semper
995 1567 1116 1632 tristius
1131 1580 1190 1632 est.
1232 1570 1321 1631 Dum

371 1674 469 1740 Caius
500 1676 607 1738 Caesar
635 1671 719 1735 civili
748 1671 832 1734 bello
864 1671 978 1756 patriae
1005 1670 1193 1749 immineret,
1223 1692 1321 1754 quam

370 1775 561 1838 fulminosus
570 1796 622 1836 aer
634 1771 786 1850 extiterit,
796 1785 876 1857 quot
890 1770 1037 1834 habuerit
1047 1773 1156 1853 igneos
1166 1770 1320 1845 turbines

370 1889 451 1963 quot
475 1876 580 1941 trabes
602 1873 750 1951 emiserit,
775 1896 833 1937 nec
855 1886 977 1937 veteres
998 1871 1137 1935 historiae
1160 1871 1324 1935 sufficiunt>

371 2001 461 2042 enarr
462 2001 524 2043 al'e.

865 2088 901 2139 Et
913 2092 973 2140 tunc

473 2175 569 2242 Ignota
579 2174 696 2226 obscurae
707 2173 827 2225 viderunt
838 2174 924 2225 sidera
934 2177 1032 2225 noctes.

372 2278 406 2341 Si
426 2300 501 2341 vero
523 2277 666 2341 fulminis
687 2290 793 2342 careat
817 2288 1017 2363 tempestate,
1033 2274 1059 2339 si
1081 2276 1197 2340 laevum
1221 2289 1321 2354 sonet,

370 2380 502 2444 deorum
528 2379 669 2444 creditur
695 2379 845 2442 nunciare
868 2380 1019 2446 favorem.
1063 2382 1179 2444 AEneas
1205 2380 1320 2442 «lovem

371 2506 389 2547 a
404 2481 535 2547 sinistris
550 2493 713 2545 tonantem
729 2481 873 2557 audieus,
890 2504 922 2543 se
937 2503 1009 2545 eum
1032 2482 1204 2566 praemissis
1225 2481 1322 2546 sacri·

369 2581 447 2646 ficiis
460 2582 610 2667 opinatur
622 2580 739 2644 habere
754 2579 939 2666 propitium.
977 2581 1038 2645 Sed
1057 2581 1321 2665 qualitercunque

369 2682 431 2748 ista
452 2704 485 2748 se
509 2684 657 2759 habeant,
680 2682 826 2747 innatum
851 2681 994 2747 timorem
1017 2682 1180 2746 homiuum
1204 2682 1322 2767 poterit

370 2784 526 2869 mitigare,
545 2784 631 2870 quod
655 2807 748 2847 nemo
770 2786 884 2848 sentiet
907 2783 1050 2848 fulminis
1071 2784 1182 2861 ictum,
1199 2783 1223 2847 si
1247 2796 1320 2848 ante

372 2884 505 2948 tonitrui
517 2908 627 2949 sonum
640 2885 788 2963 audierit,
799 2898 856 2949 aut
868 2886 1051 2971 praeviderit
1063 2889 1326 2951 coruscationem.-

375 2985 527 3050 Tiberius
553 2989 671 3069 Caesar,
693 2987 871 3051 turbatiore
897 2987 987 3067 coelo,
1010 2986 1147 3052 lauream
1174 3010 1321 3052 coronam

371 3087 518 3172 gestabat
540 3088 573 3151 in
601 3088 715 3176 capite,
738 3088 898 3175 quiahoc
920 3111 1021 3173 genus
1043 3088 1164 3152 frondis
1189 3088 1322 3154 fulmine

372 3201 509 3273 negatur
535 3187 642 3253 afflari.
696 3190 857 3254 Tonitrua
883 3189 1037 3276 siquidem
1064 3188 1262 3253 timidissime
1290 3203 1322 3253 et

371 3289 573 3355 vehementer
602 3314 725 3377 semper
760 3292 937 3357 exhorruit.
998 3294 1058 3357 Est
1089 3304 1195 3357 tamen
1234 3291 1322 3377 quod

371 3392 483 3479 procul
505 3393 605 3458 dubio
620 3394 714 3479 longe
729 3394 880 3459 tutiorem
896 3395 972 3458 facit
995 3394 1167 3470 hominem,
1184 3393 1209 3456 si
1225 3394 1322 3458 fidem

371 3492 472 3556 crucis
484 3507 586 3559 servet
598 3494 629 3558 in
642 3508 781 3580 pectore,
792 3495 950 3581 justitiam
964 3494 1038 3559 fidei
1050 3508 1153 3580 gestet
1164 3496 1197 3559 in
1209 3495 1323 3582 capite,

370 3606 403 3658 et
425 3595 625 3660 salutiferum
648 3596 773 3681 signum
790 3595 863 3660 fidei
887 3621 999 3662 munus
1020 3599 1168 3662 innocens
1188 3601 1267 3685 figat
1288 3600 1322 3663 in

368 3696 484 3779 fronte,
494 3697 585 3762 illum
599 3721 722 3784 semper
737 3722 804 3785 prae
816 3712 921 3764 mente
935 3699 1065 3782 habens,
1077 3704 1133 3786 qui
1144 3700 1323 3767 cultoribus

371 3798 446 3876 suis,
461 3822 586 3864 omnem
603 3801 715 3865 mundi
731 3802 874 3866 timorem
894 3802 1068 3883 excutiens,
1082 3806 1144 3867 ait:
1178 3805 1211 3866 A
1226 3804 1323 3891 signis

371 3899 443 3964 coeli
457 3923 496 3964 ne
510 3902 693 3980 timueritis,
706 3926 778 3988 quae
793 3904 906 3969 timent
921 3918 1041 3990 gentes,
1054 3905 1130 3990 quia
1145 3928 1205 3989 ego
1220 3905 1325 3970 vobis-

371 4025 442 4067 cum
459 4004 619 4069 Dominus
635 4006 725 4069 Deus
741 4020 854 4072 vester.
892 4012 974 4072 Haec
991 4031 1118 4093 quoque
1130 4008 1228 4071 verba
1241 4008 1324 4074 inter

372 4107 546 4172 tonandum
563 4107 613 4171 vel
634 4106 744 4173 audita
758 4109 808 4172 vel
831 4109 928 4187 dicta,
944 4109 1128 4173 scribuntur
1150 4132 1168 4172 a
1190 4110 1324 4195 quibus-

371 4206 445 4271 dam
470 4232 586 4275 noxam
616 4207 760 4274 fulminis
789 4211 952 4275 amovisse.
1006 4209 1096 4275 Nihil
1127 4223 1232 4275 autem
1263 4225 1333 4287 est,

372 4310 712 4393 quodimminentibus
728 4312 836 4399 signis,
853 4315 898 4377 ita
922 4325 1025 4377 totum
1042 4314 1202 4376 concutiat
1225 4312 1323 4375 homi-
