3384 5234
388 644 428 703 32
647 656 783 703 Jouruus
797 657 1073 703 staasanarausrs
1211 645 1293 719 [nm.
1311 660 1333 705 1.

385 818 498 891 gerunt
512 809 726 893 amplissimos
746 812 957 893 magistratus.
1004 810 1099 885 Quod
1114 812 1198 875 enirn
1213 814 1247 875 in
1262 813 1334 875 aliis

383 911 521 973 futurum
550 921 618 974 erat
642 911 770 975 levioris
797 915 914 997 culpae,
940 913 1002 977 boc
1032 914 1155 977 inistis
1184 935 1269 997 saepe
1296 914 1333 976 fit

302 1080 303 1083 Ἴ
384 1011 534 1074 criminis.
579 1012 625 1075 Et
639 1012 769 1095 quidem
792 1034 918 1097 semper
938 1014 1058 1097 majora
1072 1023 1146 1076 sunt
1161 1035 1233 1097 quae
1249 1016 1332 1077 cele·

381 1111 490 1174 bratos
516 1122 698 1176 contractus
721 1113 916 1191 rescindunt,
938 1135 1036 1199 quam
1055 1136 1127 1198 quae
1152 1114 1334 1198 impediunt
1446 1138 1449 1143 ·

382 1213 629 1277 conhabendos.
656 1215 755 1278 Porro
772 1215 812 1278 de
828 1217 953 1295 virtute,
968 1225 1001 1278 et
1015 1216 1145 1279 veritate
1162 1235 1333 1293 canonum,

380 1313 527 1378 venatica
542 1315 702 1378 clientulis
721 1316 787 1378 suis
808 1336 874 1378 non
893 1315 990 1380 modo
1012 1315 1129 1380 claudit
1144 1337 1331 1392 ascensum;

380 1414 437 1477 sed
461 1415 577 1478 summi
601 1416 772 1480 sacerdotii
795 1417 928 1498 gradum
949 1417 1061 1480 adimit
1078 1415 1147 1500 jam
1169 1417 1331 1502 adeptum.

380 1516 537 1579 Praeclare
552 1516 634 1580 illud
653 1529 690 1581 ut
712 1520 813 1582 multa
828 1520 924 1583 fertur
940 1519 1062 1582 dixisse
1078 1519 1330 1583 Themistocles:

379 1618 586 1699 Magistratus
607 1640 626 1681 a
645 1620 730 1683 ludis
750 1631 782 1683 et
801 1622 1045 1705 quibuscunque
1066 1619 1239 1685 levioribus
1261 1643 1331 1685 esse

378 1718 545 1796 arcendos,
560 1739 602 1780 ne
619 1719 800 1800 respublica
814 1719 924 1783 ludere
937 1720 1092 1796 videatur,
1109 1720 1331 1805 defectumque

379 1819 439 1895 sui,
448 1819 559 1882 relicta
574 1818 725 1899 gravitate
741 1818 942 1900 pronunciet.
980 1818 1015 1882 Si
1027 1829 1131 1882 tamen
1147 1821 1333 1904 majoribus,

379 1919 466 2002 quod
483 1919 612 2002 quidem
627 1939 731 1981 rarum
747 1930 805 1995 est,
822 1940 878 1982 eos
893 1920 1089 2003 exoccupari
1104 1922 1283 2002 contigerit,
1298 1923 1332 1985 in

378 2019 471 2082 annis
492 2017 728 2096 adolescentiae,
750 2041 792 2083 ex
815 2019 1053 2103 dispensatione
1075 2021 1179 2084 aetatis
1201 2024 1330 2103 permit-

377 2129 488 2183 tuntur
503 2120 623 2203 aliquid
646 2121 829 2184 subtrahere
854 2122 1010 2201 gravitati,
1025 2133 1057 2185 et
1078 2122 1110 2184 in
1134 2143 1168 2186 se
1191 2124 1329 2185 clemen·

378 2221 475 2283 tiores
504 2242 586 2297 esse,
616 2220 703 2303 quod
732 2222 923 2286 maturitatis
952 2241 1115 2305 processu,
1144 2222 1329 2306 reipublicae

378 2321 509 2385 utilitati
525 2334 743 2405 compensent.
789 2324 871 2387 Haec
887 2323 960 2385 ille:
985 2334 1018 2385 et
1032 2323 1153 2386 utinam
1170 2323 1329 2387 audiretur

376 2445 397 2486 a
417 2423 545 2501 nostris,
559 2431 596 2486 ut
618 2423 731 2487 saltem
753 2424 787 2486 in
809 2424 1002 2508 provectiori
1024 2436 1129 2503 aetate,
1151 2427 1249 2509 nugis
1264 2425 1330 2488 suis

375 2523 560 2607 reipublicae
590 2523 671 2586 saria
700 2523 901 2585 anteferrent.
955 2523 1049 2587 Tunc
1076 2524 1195 2587 etenim
1225 2535 1326 2587 totum

374 2623 560 2708 reipublicae
576 2641 692 2707 corpus
707 2624 830 2686 roboris
845 2624 893 2687 sui
908 2624 1090 2707 integritate
1106 2625 1237 2706 rigebit,
1247 2637 1324 2687 tunc

374 2725 504 2809 optimae
520 2725 760 2810 compositionis
782 2726 889 2808 specie
904 2727 1135 2803 venustabitur,
1151 2738 1183 2791 ot
1198 2728 1325 2806 elegan-

373 2829 414 2892 tis
428 2826 676 2911 pulchritudinis
690 2826 838 2891 decorem
855 2825 977 2902 induet,
992 2828 1017 2890 si

478 2933 589 3001 Singula
599 2948 709 3004 quaequc
720 2932 804 2985 locum
816 2938 923 2987 teneant
935 2934 1026 2985 sortita
1038 2934 1170 3000 decenter,

372 3034 400 3095 si
414 3032 508 3096 fuerit
522 3031 698 3095 officiorum
710 3052 776 3094 non
790 3030 947 3107 confinio,
958 3031 1015 3093 sed
1028 3030 1218 3096 distributio
1250 3033 1324 3095 Hoc

369 3135 415 3198 ita
429 3134 456 3196 si
470 3134 622 3217 optimam
636 3132 764 3196 vivendi
780 3130 893 3196 ducem
905 3146 1052 3195 naturam
1064 3135 1236 3217 sequimur.
1259 3133 1323 3196 Sed

370 3257 457 3300 nunc
473 3235 560 3319 quod
576 3234 772 3298 medicorum
788 3245 846 3313 est,

477 3340 639 3393 Promittant
649 3336 726 3402 fabri,
738 3338 832 3389 medici
843 3337 948 3391 fabrilia
959 3344 1080 3402 tractant,
1106 3354 1108 3359 ’

370 3451 404 3504 et
418 3437 559 3503 officium
580 3433 773 3519 praesidendi
788 3456 807 3498 a
821 3437 1026 3500 venatoribus
1047 3446 1080 3498 et
1097 3434 1322 3498 humilioribus

370 3537 485 3603 officiis
499 3545 555 3599 aut
569 3534 665 3598 etiam
688 3532 856 3598 maleficiis
877 3544 1057 3612 mutuatur3
1081 3544 1114 3599 et
1127 3536 1321 3619 privatorum

368 3640 528 3703 temeritas
543 3647 599 3701 aut
612 3635 793 3719 disciplina
813 3636 1002 3719 ignorantia,
1018 3657 1052 3701 se
1068 3636 1166 3700 audet
1180 3636 1321 3721 publicis

368 3740 486 3806 officiis
500 3737 690 3801 immiscere.

494 3926 573 4010 Cap.
590 3930 621 3989 6.
647 3928 698 3988 De
711 3926 795 4003 olea,
809 3932 841 3988 et
856 3946 930 4001 usu,
944 3932 975 3988 et
990 3925 1094 3988 abusu
1109 3924 1188 4003 ejus.

410 4081 569 4144 Senecae
586 4075 661 4140 dum
676 4085 862 4139 venatorum
881 4077 1034 4140 tumultus
1050 4074 1218 4157 egreditur,
1234 4074 1317 4152 alite,

365 4183 426 4249 etsi
447 4178 680 4254 taciturniores,
694 4185 899 4262 perstrepunt
920 4198 1025 4259 nugae.
1069 4174 1194 4239 Tritum
1216 4175 1314 4259 siqui·

364 4286 438 4351 dem
458 4280 657 4367 proverbium
681 4288 740 4358 est,
756 4280 818 4352 Qui
840 4281 967 4363 lepores
989 4277 1098 4358 agitat,
1120 4277 1217 4340 verba
1239 4298 1316 4341 con·
