3384 5234
304 708 374 753 cnr.
389 690 438 764 x]
663 704 918 750 ronrcnxrrcus.
1202 689 1264 750 805

307 843 432 922 erceant
443 877 519 940 ergo
531 854 689 919 nundinas
700 878 783 931 suas,
795 852 918 919 loculos
929 855 1046 918 alienos
1058 853 1259 931 exhauriant,

307 958 443 1023 farciant
459 979 543 1037 suos,
555 956 737 1042 possideant
749 969 904 1042 quantum
918 955 1088 1035 Pacuvius,
1098 954 1260 1019 montibus

308 1082 422 1124 aurum
438 1070 619 1143 exaequent,
630 1081 687 1123 nec
699 1071 805 1122 ament
820 1057 970 1142 aliquem,
986 1080 1044 1120 nec
1058 1071 1205 1121 amentur
1220 1056 1261 1120 ab

308 1162 386 1238 ullo,
413 1160 474 1227 sint
502 1159 704 1224 admirationi
735 1157 862 1243 ignotis,
889 1157 967 1220 dum
994 1156 1173 1221 domesticis
1198 1158 1260 1221 sint

308 1261 395 1339 odio,
411 1260 461 1324 vel
481 1260 691 1346 contemptui.
738 1258 819 1321 Tale
840 1256 962 1343 aliquid
982 1258 1015 1321 in
1036 1271 1178 1323 veterum
1196 1263 1261 1323 Ro·

312 1386 477 1429 manorum
494 1362 620 1448 scriptis
635 1361 782 1426 invenies.
828 1362 936 1435 Quum
952 1362 989 1428 P.
1006 1359 1065 1425 Cn.
1083 1364 1260 1438 Graecinus

310 1478 366 1530 aut
379 1468 406 1529 si
420 1464 483 1528 alio
494 1464 603 1550 potius
613 1462 731 1528 dicitur
743 1461 881 1539 nomine,
893 1474 1081 1545 argueretur
1092 1464 1132 1527 ab
1142 1465 1262 1541 amicis,

310 1567 398 1652 quod
422 1589 552 1632 uxorem
572 1566 753 1643 formosam,
768 1579 898 1641 castam,
919 1577 951 1629 et
973 1565 1111 1628 nobilem
1132 1559 1261 1652 repudi·

311 1681 390 1744 aret,
406 1666 586 1754 respondit:
621 1668 667 1731 Et
686 1667 737 1732 hic
758 1689 868 1730 soccus
888 1689 983 1752 quem
998 1666 1135 1747 cernitis,
1150 1691 1262 1741 novus,

311 1769 448 1854 elegans,
474 1781 506 1833 et
535 1769 766 1855 inspectoribus
796 1766 944 1831 omnibus
973 1768 1099 1854 placens
1124 1783 1183 1850 est,
1209 1769 1264 1833 sed

312 1894 405 1935 nemo
421 1874 479 1937 scit
494 1884 611 1957 praeter
626 1894 676 1934 me
691 1870 793 1935 solum
811 1867 867 1934 ubi
882 1893 933 1932 me
949 1886 1081 1956 premat.
1127 1871 1264 1955 Legitur

311 1972 344 2037 in
360 1971 442 2037 libro
457 1976 683 2047 Numerorum,
699 1972 875 2057 quodcum
899 1973 1088 2037 Madianitis
1106 1972 1264 2036 fornicans

314 2074 426 2150 Israel,
457 2074 705 2159 indignationem
737 2073 868 2139 Domini
903 2075 1134 2160 provocaverit,
1165 2074 1264 2139 donec

313 2178 447 2242 Phinees
471 2175 612 2254 Zambri,
635 2177 737 2242 filium
761 2176 880 2242 Salomi
902 2201 975 2241 cum
999 2177 1136 2243 succuba
1159 2178 1265 2242 Madi-

313 2279 444 2353 anitide,
475 2278 593 2344 educto
621 2302 696 2345 ense
725 2278 1004 2354 transverberavit,
1031 2291 1063 2344 et
1091 2281 1126 2343 in
1154 2304 1266 2345 occasu

314 2393 484 2446 nocentum
507 2380 628 2465 quievit
655 2382 702 2444 ira
725 2380 798 2445 Dei.
844 2380 964 2444 Factus
991 2393 1038 2445 est
1063 2404 1139 2465 ergo
1165 2406 1267 2447 sermo

314 2484 446 2548 Domini
467 2482 508 2546 ad
530 2486 666 2567 Moysen
681 2482 807 2545 dicens:
848 2481 944 2544 Tolle
958 2494 1089 2544 cunctos
1109 2482 1267 2567 principes

316 2585 441 2671 populi,
463 2597 495 2648 et
518 2583 675 2669 suspende
697 2605 751 2645 eos
774 2592 886 2644 contra
913 2579 1016 2642 Solem
1043 2583 1076 2643 in
1103 2581 1269 2666 patibulis.

315 2690 505 2750 Peccaverat
525 2682 654 2768 quidem
675 2683 826 2766 populus,
848 2693 879 2745 et
900 2679 1067 2745 fornicatio
1088 2680 1267 2767 principum

315 2808 377 2849 non
402 2783 603 2869 exprimitur,
626 2782 696 2868 rapi
723 2793 828 2844 tamen
855 2782 1088 2867 praecipiuntur
1111 2782 1268 2869 principes

316 2889 357 2953 ad
376 2886 568 2975 patibulum,
588 2899 620 2951 et
647 2890 680 2951 in
703 2908 800 2972 poena
825 2909 936 2950 eorum
956 2889 1048 2971 quies
1071 2887 1269 2973 delinquenti

315 2991 434 3076 populo
445 3000 620 3075 reparatur,
630 3012 668 3051 eo
677 2985 764 3072 quod
775 3010 814 3051 ex
825 2986 1019 3072 negligentia
1028 2988 1268 3073 praesidentium

317 3090 487 3177 saepissime
502 3090 649 3175 provenit
664 3111 810 3152 excessus
833 3087 1046 3152 subditorum.
1084 3089 1196 3154 Refert
1211 3091 1270 3155 ita-

319 3217 383 3280 que
405 3193 570 3279 potestatis
593 3192 726 3257 istorum
746 3191 894 3255 cohibere
914 3191 1079 3268 malitiam,
1099 3204 1131 3256 et
1152 3192 1269 3257 eisdem

318 3296 359 3360 de
373 3295 504 3383 publico
524 3294 700 3381 providere,
715 3305 751 3358 ut
765 3292 867 3357 omnis
880 3294 1044 3379 grassandi
1060 3295 1181 3358 occasio
1197 3297 1271 3359 sub-

319 3396 474 3461 trahatur.
522 3393 616 3473 Quod
638 3407 668 3459 et
685 3393 717 3458 in
736 3394 810 3479 jure
831 3395 978 3457 Romano
998 3395 1177 3481 antiquitus
1196 3420 1269 3460 cau-

320 3510 387 3562 tum
415 3506 473 3570 est,
499 3495 639 3581 alioquin
670 3506 782 3558 auctor
811 3494 973 3559 videbitur
998 3495 1156 3572 maleficii,
1184 3498 1271 3583 quod

320 3598 533 3685 praetermisso
555 3597 658 3661 officio
684 3596 851 3661 emendare
874 3598 1057 3662 contemnit.
1105 3600 1167 3669 His
1188 3602 1272 3664 enim

319 3701 453 3787 flagellis
482 3700 659 3780 hominum,
685 3699 963 3786 innocentiumque
995 3701 1180 3777 terroribus,
1208 3728 1274 3789 quo

319 3801 502 3889 praeclarior
531 3815 562 3865 et
592 3801 762 3888 potentior,
791 3824 828 3864 eo
857 3801 980 3888 plenior
1009 3812 1041 3865 et
1070 3803 1273 3889 perniciosior

321 3905 410 3969 curia
425 3917 481 3970 est.
529 3905 693 3989 Frequens
708 3903 824 3967 etenim
840 3917 899 3979 est,
917 3917 953 3969 ut
968 3905 1058 3968 curia
1076 3907 1209 3993 recipiat
1224 3908 1274 3971 vel

319 4005 414 4071 faciat
442 4007 583 4084 vitiosoS,
605 4005 693 4091 apud
720 4027 803 4091 quos
829 4005 993 4071 invalescit
1018 4007 1150 4071 audacia
1173 4010 1272 4073 deliu-

322 4107 453 4193 quendi,
468 4130 566 4192 quum
582 4129 622 4169 ex
634 4106 846 4172 familiaritate
863 4122 1042 4191 potentum,
1060 4109 1147 4173 vitiis
1167 4111 1273 4175 indul-

323 4218 427 4289 getur.
479 4206 541 4269 Sed
557 4219 589 4271 et
611 4205 651 4268 de
666 4220 810 4271 anteacta
826 4208 893 4271 vita
908 4210 1139 4294 cujuscunque,
1156 4209 1274 4276 frustra

322 4305 537 4393 praesumitur,
553 4331 651 4393 quum
668 4309 750 4373 inter
765 4308 899 4373 curiales
911 4311 963 4373 vix
987 4309 1084 4395 possit
1096 4311 1275 4376 innocentia
1299 4357 1302 4364 -

367 4429 439 4474 von.
457 4428 507 4472 111.
776 4432 799 4474 x
