3384 5234
443 671 504 731 146
699 680 837 726 sotanis
853 679 1133 726 ssuasuumaums
1261 660 1343 741 [ms.
1359 678 1397 723 11.

444 836 576 917 viveret,
590 855 649 898 nec
671 831 803 920 aliquod
818 854 893 897 cum
916 832 962 895 eis
980 830 1068 895 initae
1090 829 1317 895 familiaritatis
1339 828 1396 893 ha·

442 936 549 1002 baisse
573 934 807 1001 commercium.
852 934 947 999 Nunc
971 954 1048 997 vero
1073 954 1146 996 eum
1170 932 1211 996 ad
1238 929 1396 1017 Pythonis

441 1036 622 1124 imperium,
635 1035 697 1101 sibi
719 1048 826 1122 sperat
849 1047 881 1099 et
904 1034 988 1120 petit
1007 1033 1150 1098 excitari.
1195 1033 1274 1097 Vult
1297 1031 1394 1097 etiam

442 1137 483 1203 ad
507 1138 567 1203 hoc
589 1134 663 1221 cogi
687 1135 888 1216 defunctum,
902 1134 943 1199 ad
967 1133 1056 1220 qnod
1071 1134 1165 1198 vivus
1187 1133 1308 1221 impelli
1331 1154 1394 1196 non

441 1241 559 1327 potuit.
606 1238 689 1323 Regi
705 1236 863 1323 siquidem
887 1235 989 1301 uoluit
1005 1234 1145 1299 iudicare
1169 1235 1246 1299 dum
1261 1236 1395 1310 viveret,

441 1341 503 1406 nisi
525 1339 611 1426 quod
640 1340 847 1404 indicandum
878 1340 1037 1404 Dominus
1061 1337 1249 1423 inspirabat.
1286 1341 1395 1411 Quum

441 1454 550 1507 autem
578 1441 720 1506 audisset
748 1440 865 1505 mulier
889 1438 1079 1515 Samuelem,
1108 1438 1294 1503 exclamavit
1320 1459 1396 1501 voce

441 1560 569 1627 magua,
590 1555 620 1606 et
637 1539 718 1605 dixit
734 1540 774 1603 ad
792 1540 939 1605 Saulem:
971 1542 1078 1613 Quare
1099 1537 1277 1625 imposuisti
1292 1538 1395 1602 mihi?

443 1644 498 1707 Tu
508 1666 543 1707 es
554 1642 638 1706 enim
649 1642 736 1707 Saul.
753 1643 793 1705 Se
804 1640 915 1726 utique
925 1641 1090 1727 deceptam
1101 1641 1247 1718 credidit,
1256 1653 1288 1706 et
1297 1644 1395 1705 etiam

441 1756 514 1831 post
544 1745 723 1830 praestitum
756 1744 991 1829 juramentum,
1021 1742 1134 1807 notitia
1162 1755 1195 1808 et
1224 1743 1394 1830 praesentia

439 1845 593 1933 principis
617 1858 789 1910 oneratam.
835 1845 993 1930 Dixitque
1018 1845 1048 1908 ei
1073 1867 1151 1920 rex;
1177 1845 1252 1910 Noli
1269 1846 1391 1923 timere,

440 1948 522 2033 quid
545 1947 677 2011 vidisti?
708 1951 753 2011 Et
775 1946 820 2011 ait
843 1946 958 2009 mulier
978 1946 1020 2010 ad
1043 1946 1187 2010 Saulem:
1220 1951 1307 2011 Deos
1326 1944 1393 2011 vidi

439 2047 645 2112 ascendeutes
670 2046 711 2110 de
736 2060 830 2111 terra.
875 2046 1077 2131 Pythonissae
1106 2059 1255 2132 potuerat
1280 2054 1321 2113 ab
1347 2049 1395 2113 in·

439 2160 543 2233 cepto,
570 2147 620 2209 vel
647 2147 751 2211 tenuis
779 2146 855 2211 fidei
881 2148 986 2211 virum
1015 2148 1192 2213 deteruisse
1221 2152 1393 2235 responsio.

441 2253 583 2314 Deorum
614 2248 771 2334 siqnidem
801 2247 1018 2335 pluralitatem
1047 2250 1182 2326 inducit,
1212 2264 1245 2315 et
1282 2275 1393 2318 eorum

440 2348 665 2415 habitationem
682 2351 741 2415 sub
760 2364 855 2424 terra.
870 2363 901 2416 et
917 2350 950 2414 iu
973 2353 1113 2416 tenebris
1135 2375 1202 2417 esse
1224 2353 1392 2439 significat.

440 2454 536 2519 Dixit
557 2475 633 2537 ergo
656 2452 751 2519 Saul:
776 2452 887 2530 Qualis
909 2466 957 2517 est
978 2454 1081 2545 forma
1102 2454 1195 2541 ejus?
1225 2458 1306 2534 Quae
1328 2457 1392 2523 ait:

440 2555 497 2619 Vir
512 2576 607 2619 senex
622 2554 775 2632 ascendit,
790 2566 822 2618 et
838 2554 905 2640 ipse
920 2557 1055 2620 amictus
1069 2568 1117 2621 est
1139 2556 1246 2643 pallio.
1292 2558 1393 2623 Intel-

438 2658 517 2722 lexit
532 2658 642 2743 itaque
662 2656 739 2722 Saul
762 2655 849 2743 quod
868 2655 997 2749 Samuel
1012 2670 1105 2735 esset,
1120 2670 1153 2724 et
1174 2657 1337 2723 inclinavit
1360 2682 1394 2725 se

440 2782 537 2847 super
551 2759 662 2824 faciem
679 2782 769 2823 suam
790 2758 821 2822 in
845 2770 974 2839 terram,
987 2772 1018 2824 et
1042 2760 1197 2826 adoravit.
1242 2761 1394 2827 Formam

437 2861 523 2927 illius
545 2863 603 2948 qui
626 2861 800 2948 apparebat
822 2860 991 2946 diligenter
1012 2860 1155 2948 inquirit,
1178 2862 1261 2928 forte
1287 2885 1392 2928 errore

436 2963 605 3049 gentilium
631 2962 795 3048 deceptus,
818 2963 950 3026 eandem
978 2962 1108 3028 habitus
1133 2976 1165 3029 et
1191 2968 1392 3049 negotiorum

436 3064 570 3130 formam
585 3064 718 3149 singulis
734 3062 819 3151 apud
836 3063 953 3129 inferos
968 3064 1108 3146 credens,
1123 3089 1188 3152 qua
1203 3068 1390 3152 superstites

436 3166 564 3231 fueraut
578 3166 732 3251 insigniti.
779 3166 875 3231 Unde
890 3165 990 3230 illud:
1020 3166 1104 3240 Quae
1117 3167 1223 3253 gratia
1237 3190 1391 3233 curruum

507 3330 698 3399 Armorumque
709 3326 763 3381 fuit¹
770 3328 844 3393 vivis,
857 3345 916 3397 quae
929 3346 989 3382 cura
1000 3332 1115 3385 nitentes

433 3426 435 3431 ’
508 3416 621 3468 Pascere
634 3431 721 3484 equos,
734 3413 827 3466 eadem
839 3416 955 3483 sequitur
967 3416 1058 3471 tellure
1070 3423 1195 3488 repostos.

439 3565 501 3630 Sed
516 3587 621 3628 nonne
635 3576 784 3649 potuerat
802 3568 904 3630 sancti
919 3567 977 3631 viri
993 3567 1107 3633 clarior
1121 3593 1190 3634 esse
1204 3571 1317 3656 gloria,
1332 3587 1389 3637 aut

436 3680 508 3753 post
525 3678 656 3729 mortem
673 3666 808 3729 viventis
821 3666 952 3732 habitus
972 3669 1159 3735 immutari?
1189 3674 1236 3736 Et
1258 3673 1390 3757 quidem

436 3766 582 3854 provide,
609 3780 641 3831 et
667 3766 804 3831 fideliter
833 3790 895 3831 non
922 3769 1000 3833 dicit
1026 3772 1184 3857 scriptura
1211 3772 1388 3838 Samuelem

435 3868 593 3955 Pythonis
618 3869 749 3956 imperio
780 3871 980 3947 suscitatum,
1011 3872 1065 3937 sed
1095 3873 1269 3938 caecitatem
1298 3875 1389 3961 impii

435 3993 544 4035 sensus
564 3973 740 4056 prudenter
754 3972 918 4057 expressit.
963 3973 1018 4038 Ait
1033 3974 1129 4052 enim,
1146 3974 1272 4039 Audita
1286 3976 1390 4042 forma

434 4073 494 4137 viri
520 4085 552 4137 et
579 4073 704 4149 habitu,
730 4073 888 4139 intellexit
917 4075 994 4141 Saul
1022 4076 1109 4162 quod
1140 4077 1265 4141 Samuel
1296 4093 1387 4144 esset.
1446 4165 1448 4169 ι

434 4179 598 4260 Deceptus
614 4173 727 4260 utique
742 4174 917 4248 intellexit;
949 4176 1035 4259 quod
1052 4190 1083 4241 et
1098 4192 1139 4240 'ex
1159 4200 1197 4239 eo
1220 4179 1387 4262 probatur,

432 4276 518 4365 quod
546 4277 731 4363 subjungit:
761 4281 804 4343 Et
831 4278 995 4342 inclinavit
1022 4301 1066 4355 se,
1092 4290 1124 4342 et
1150 4277 1305 4345 adoravit.
1352 4282 1388 4345 Si
