3384 5234
316 697 319 704 '
410 702 473 761 aie
657 713 793 759 ioannis
808 712 1088 758 saansaamausm
1219 694 1302 774 [ms.
1318 714 1361 758 rv.

412 864 479 939 Qui
501 887 576 929 vero
600 887 669 929 eam
696 876 842 949 usurpat,
863 865 940 950 jura
965 863 1126 949 deprimit,
1150 876 1182 927 et
1204 862 1362 929 voluntati

410 990 476 1031 suae
496 967 583 1051 leges
604 965 777 1031 submittit.
822 968 860 1030 In
883 988 956 1029 eum
976 989 1053 1049 ergo
1068 965 1181 1029 merito
1196 978 1361 1029 armantur

406 1070 495 1155 jura,
510 1069 566 1153 qni
581 1068 668 1153 leges
687 1079 841 1145 exarmat,
856 1082 888 1131 et
910 1066 1040 1152 publica
1061 1079 1201 1152 potestas
1217 1070 1307 1132 saevit
1329 1068 1361 1130 in

412 1192 498 1246 eum,
510 1172 567 1256 qui
579 1192 733 1235 evacuare
742 1169 857 1234 nititur
869 1168 1028 1255 publicam
1041 1191 1180 1233 manum.
1204 1170 1249 1233 Et
1260 1192 1362 1255 quum

411 1271 513 1335 multa
528 1273 590 1337 sint
609 1272 741 1337 crimina
755 1270 941 1357 majestatis,
958 1269 1080 1335 nullum
1103 1272 1233 1357 gravius
1250 1283 1297 1336 est
1312 1294 1362 1349 eo,

412 1374 498 1460 quod
514 1374 664 1437 adversus
678 1376 784 1458 ipsum
800 1392 918 1458 eorpus
927 1373 1065 1458 justitiae
1079 1386 1253 1438 exercetur.
1295 1376 1363 1458 Ty-

411 1476 518 1539 rannis
532 1498 609 1559 ergo
623 1498 685 1539 non
706 1475 801 1538 modo
823 1473 990 1559 publicum
1015 1478 1144 1553 crimen,
1160 1474 1228 1550 sed,
1244 1473 1270 1537 ei
1292 1473 1362 1537 fieri

411 1591 526 1662 posset,
553 1576 626 1663 plus
651 1600 746 1663 quam
773 1576 937 1662 publicum
963 1588 1022 1640 est.
1071 1576 1104 1639 Si
1134 1575 1216 1640 enim
1243 1577 1360 1639 crimen

412 1681 587 1765 mejestatis
597 1703 705 1744 omnes
717 1691 960 1765 persequutores
971 1678 1124 1759 admittit,
1133 1691 1255 1765 quanto
1265 1676 1364 1762 magis

411 1781 502 1859 illud,
519 1782 606 1867 quod
621 1781 706 1865 leges
720 1781 847 1866 premit,
865 1779 1031 1866 quaeipsis
1053 1781 1170 1845 debent
1193 1781 1364 1865 imperato·

413 1883 502 1947 ribus
516 1886 693 1968 imperare?
724 1886 819 1947 Certe
834 1883 956 1947 hostem
972 1883 1138 1968 publicum
1154 1904 1246 1945 nemo
1269 1880 1360 1946 ulcis·

413 1986 508 2062 citur,
520 1998 551 2049 et
567 1986 714 2071 quisquis
725 2008 797 2049 eum
813 2008 876 2048 non
892 1986 1106 2072 persequitur,
1116 1984 1148 2047 in
1165 1983 1314 2068 seipsum,
1327 1994 1359 2046 et

414 2086 448 2148 in
463 2099 566 2152 totum
582 2085 766 2172 reipublicae
780 2088 951 2151 mundanae
965 2109 1081 2170 corpus
1095 2084 1260 2169 delinquit.

692 2568 833 2631 LIBER
857 2568 1081 2640 QUARTUS.

797 2767 979 2829 anonoous.

458 2896 579 2958 Annua
598 2893 727 2979 quidem
750 2916 800 2957 res
821 2905 881 2969 est,
896 2892 1053 2977 professio
1073 2890 1227 2969 veritatis,
1243 2904 1274 2956 et
1290 2915 1363 2978 quas

414 2992 646 3058 incursantibus
668 3014 809 3056 errorum
833 2992 984 3073 tenebris,
998 3004 1055 3057 aut
1077 2992 1269 3077 negligentia
1291 3012 1363 3078 pro·

414 3092 533 3157 fiteutis
558 3093 812 3180 frequentissime
839 3092 983 3156 vitiatur.
1031 3093 1118 3169 Quid
1144 3094 1228 3157 enim
1254 3116 1364 3158 verum

414 3194 465 3268 sit,
492 3194 564 3280 quis
589 3209 673 3259 recte
699 3197 859 3260 examinat
884 3195 979 3259 rebus
1004 3194 1197 3279 incognitis?
1240 3195 1365 3260 Notitia

413 3307 520 3359 eutem
536 3319 653 3378 rerum,
668 3320 705 3360 eo
727 3297 814 3382 quod
830 3295 897 3359 vias
917 3318 979 3359 non
1002 3295 1113 3380 dirigit
1127 3299 1365 3381 contemptoris,

411 3398 547 3482 justitiae
573 3398 697 3462 aculeos
726 3399 894 3463 exacerbat
922 3400 956 3461 iu
985 3420 1113 3483 poenam
1143 3397 1365 3485 delinquentis.
1444 3386 1446 3389 ⁵

416 3499 478 3562 Est
493 3522 569 3582 ergo
584 3501 706 3585 primus
718 3499 965 3587 philosophandi
978 3499 1106 3582 gradus,
1117 3522 1233 3584 genera
1247 3522 1366 3576 rerum,

417 3600 691 3685 proprietatesque
717 3601 888 3677 discutere,
919 3617 955 3665 ut
982 3599 1137 3686 quicquid
1166 3600 1199 3664 in
1232 3600 1367 3685 singulis

417 3719 528 3760 verum
544 3700 596 3775 sit,
607 3700 781 3782 prudenter
795 3714 955 3783 agnoscat.
985 3700 1160 3779 Secundus,
1176 3714 1211 3764 ut
1227 3701 1364 3785 quisque

417 3797 451 3861 id
461 3798 709 3883 veritatis,quod
721 3799 749 3861 ei
758 3799 910 3876 illuxerit,
920 3800 1056 3865 fideliter
1064 3812 1259 3886 assequatur.
1284 3802 1366 3864 Haec

417 3914 524 3966 autem
540 3899 832 3985 philosophantium
849 3913 959 3978 strata,
975 3902 1020 3965 illi
1037 3903 1094 3968 soli
1109 3904 1220 3989 pervia
1234 3916 1293 3979 est,
1310 3901 1366 3989 qui

417 4005 457 4068 de
473 4025 570 4088 regno
585 4000 732 4064 vanitatis
745 3999 921 4086 proclamat
941 4003 973 4067 in
990 4003 1179 4085 libertatem,
1194 4028 1259 4089 qua
1273 4004 1365 4069 liberi

418 4106 511 4185 fiunt,
537 4126 616 4189 quos
642 4101 757 4167 veritas
787 4102 945 4181 liberavit,
973 4119 1004 4168 et
1031 4106 1158 4191 spiritui
1186 4105 1366 4183 servientes,

417 4205 496 4269 colla
507 4206 590 4289 jugo
605 4201 781 4288 iniquitatis
796 4218 827 4267 et
842 4202 1009 4289 injustitia}
1024 4204 1260 4269 subduxerunt.
1301 4204 1366 4270 Ubi

419 4309 501 4374 enim
529 4306 660 4393 spiritus
686 4305 758 4386 Dei,
784 4306 829 4371 ibi
855 4305 1006 4381 libertas;
1039 4320 1207 4391 metusque
1235 4306 1369 4384 servilis,
