3384 5234
348 694 420 741 car.
435 677 512 759 xm]
727 695 982 744 ronrcuarrcos.
1245 688 1305 747 197

348 869 410 930 que
426 859 581 914 retractat.
628 847 691 914 Sed
708 852 845 915 veritatis
867 852 1024 914 sententia
1038 862 1147 916 manet
1161 852 1303 917 irretrac-

345 950 463 1014 tabilis.
510 952 596 1024 Quia
604 952 733 1036 justitia
748 953 817 1035 ejus
827 952 954 1035 justitia
969 954 1003 1015 in
1018 963 1184 1027 aetemum,
1201 966 1233 1017 et
1248 955 1302 1017 lex

345 1051 415 1134 ejus
430 1053 573 1135 aequitas.
618 1055 647 1115 E
672 1065 782 1118 contra
804 1053 837 1115 in
861 1054 1009 1136 praetorio
1032 1076 1118 1136 saepe
1143 1074 1302 1118 summum

340 1152 406 1236 jus,
422 1174 545 1217 summa
560 1154 673 1238 injuria
688 1166 745 1216 est.
791 1152 949 1235 Quisquis
970 1175 1045 1233 ergo
1067 1155 1233 1237 promittit,
1249 1154 1304 1219 de-

347 1255 429 1317 bitor
455 1268 514 1330 est,
539 1266 571 1318 et
600 1255 742 1317 veritatis
769 1267 900 1334 urgente
927 1257 1094 1331 sententia,
1119 1258 1303 1339 sponsionis

345 1352 443 1419 fidem
459 1358 660 1439 compellitur
675 1356 859 1438 adimplere.
903 1356 1002 1418 Porro
1024 1357 1111 1440 quod
1126 1359 1302 1422 necessitas

344 1468 522 1541 extorquet,
534 1460 664 1540 gratiam
681 1458 804 1520 minuit.
836 1457 934 1520 Unde
949 1458 1028 1520 illud
1039 1460 1298 1541 philosophicum

342 1558 430 1639 quod
439 1559 593 1640 praemisi:
606 1559 792 1622 Promittere
804 1578 844 1619 ne
854 1558 1044 1636 festines,ne
1056 1580 1154 1642 quum
1161 1562 1299 1625 volueris

342 1680 408 1720 non
424 1659 539 1739 possis,
555 1670 609 1722 aut
623 1660 708 1722 nolis
723 1679 765 1720 ex
783 1658 871 1742 justa
887 1679 982 1720 causa
998 1681 1095 1742 quum
1111 1661 1226 1741 possis,
1243 1675 1298 1724 aut

341 1776 440 1837 quum
450 1757 594 1818 effeceris
606 1757 736 1837 gratiam
749 1754 876 1838 perdas,
889 1765 943 1817 aut
955 1756 1096 1833 minuas3
1111 1778 1149 1820 eo
1162 1757 1251 1841 quod
1265 1770 1297 1823 te

340 1866 414 1918 ante
429 1857 650 1940 illaqueaveris
665 1857 698 1918 in
714 1858 810 1919 verbo
826 1856 890 1918 oris
905 1856 959 1918 tui.
992 1858 1043 1919 Fit
1056 1869 1163 1921 tamen
1180 1872 1214 1921 ut
1229 1881 1295 1923 non

341 1956 439 2020 modo
456 1958 578 2020 licitum
595 1958 636 2020 sit
656 1958 849 2041 promittere,
866 1956 924 2020 sed
940 1966 972 2019 et
993 1958 1206 2023 conducibile.
1251 1962 1296 2024 Et

338 2067 374 2119 ut
388 2059 521 2120 aliorum
538 2058 578 2120 ad
594 2080 734 2141 praesens
747 2069 912 2120 taceantur
927 2061 1087 2141 exempla,
1098 2063 1295 2143 paracletum

340 2158 485 2222 Christus
500 2160 569 2242 ipse
586 2159 751 2242 discipulis
766 2171 797 2221 et
812 2159 959 2240 promisit
974 2171 1005 2222 et
1021 2160 1115 2224 misit.
1147 2163 1296 2226 Eisdem-

339 2282 401 2344 que
416 2261 493 2343 quid
506 2260 647 2324 futurum
664 2271 748 2323 esset
760 2261 836 2337 illis,
845 2260 901 2343 qui
913 2262 1020 2329 omnia
1035 2283 1093 2344 pro
1104 2284 1142 2325 eo
1157 2267 1294 2348 relique-

335 2371 417 2435 rant,
431 2362 713 2443 iuterrogantibus,
730 2360 822 2424 sedes
836 2362 871 2422 in
887 2364 1122 2442 regeneratione
1137 2366 1293 2447 promisit,

339 2471 371 2524 et
381 2461 594 2543 judiciariam,
606 2483 703 2544 quam
713 2484 785 2526 cum
799 2482 836 2524 eo
849 2460 987 2532 habituri
1000 2474 1082 2539 sunt,
1093 2475 1295 2546 potestatem.

337 2564 391 2624 Ex
410 2563 528 2646 quibus
550 2573 686 2640 constat,
702 2563 789 2646 quod
811 2584 909 2625 causa
927 2564 1135 2644 propositum,
1150 2585 1294 2648 opusque

341 2664 555 2744 commendat,
570 2675 607 2727 ut
626 2665 746 2749 liqueat
761 2686 801 2727 ex
824 2665 887 2741 his,
902 2664 979 2746 quia
1001 2684 1063 2725 non
1079 2685 1213 2730 necesse
1236 2675 1295 2746 est,

340 2765 522 2847 philosophi
538 2766 678 2846 regulam
696 2766 807 2829 vitiari.

340 2950 489 3033 Cap.12.
519 2953 571 3017 De
596 2956 811 3018 rationalibus
836 2962 867 3017 et
892 2957 1072 3018 senatoriis
1096 2954 1242 3032 divitum,
1264 2962 1295 3030 et

378 3051 464 3133 quod
476 3057 620 3119 amicitie
641 3078 707 3120 non
727 3058 794 3118 uisi
814 3057 851 3117 in
872 3057 962 3119 touta
982 3063 1039 3130 est,
1060 3064 1091 3116 et
1109 3056 1194 3135 quud
1208 3056 1295 3129 diues

367 3157 571 3235 similiorem
584 3161 696 3239 potius
716 3162 878 3239 suprimat
892 3178 990 3238 quum
1006 3160 1157 3232 amicum,
1174 3158 1294 3219 cilicet

359 3259 584 3336 'familiaritas
593 3262 729 3324 divitum
744 3262 838 3323 utilis
849 3262 1007 3337 videatur,
1018 3282 1101 3342 sape
1111 3259 1292 3341 periculoso

376 3364 433 3434 eat,
450 3367 480 3422 et
495 3362 580 3440 quod
593 3366 780 3426 innocenter
794 3364 967 3426 uiuendum
983 3370 1037 3426 est.

377 3491 488 3553 Sensi
510 3515 574 3556 non
593 3496 688 3557 modo
710 3496 929 3579 promissores,
946 3495 1000 3559 sed
1025 3498 1290 3577 munuscularios,

332 3592 366 3653 in
394 3593 495 3672 gratia
519 3594 606 3658 illius
633 3617 727 3679 quern
754 3607 877 3679 captas,
901 3597 1087 3660 antecedere
1114 3600 1233 3681 pergis,
1257 3613 1289 3663 te

332 3689 508 3757 ratiociniis
523 3695 590 3780 ejus
605 3697 797 3775 immisceas,
812 3719 926 3781 parcas
942 3700 1134 3783 sumptibus,
1149 3723 1188 3764 eo
1203 3702 1292 3785 quod

334 3807 527 3860 secretorum
541 3800 701 3877 conscius,
714 3800 769 3883 qui
784 3801 900 3863 loculis
913 3802 1025 3882 parcit,
1039 3800 1182 3883 diligenti
1194 3803 1292 3886 patri·

333 3894 470 3959 familias
486 3899 653 3981 displicere
670 3921 732 3961 non
750 3911 865 3983 potest.
912 3904 1012 3965 Grata
1027 3914 1101 3966 sunt
1117 3903 1194 3965 vitia
1209 3904 1288 3986 ejuS,

335 3998 388 4078 qui
413 3996 644 4063 deformitatem
668 4022 803 4076 morum,
819 4015 1004 4083 sumptuum
1026 4004 1181 4087 parcitate
1204 4025 1291 4066 com-

334 4115 459 4178 pensat.
505 4102 683 4184 Optimum,
706 4113 740 4165 ut
762 4102 806 4165 ait
829 4102 955 4180 Cicero,
975 4103 1002 4165 si
1024 4104 1140 4180 nesciS,
1155 4106 1291 4185 vectigal

337 4198 530 4277 parsimonia
555 4212 612 4262 est.
658 4201 780 4264 Tenuis
809 4223 925 4283 parcus
954 4202 1105 4285 impletur
1129 4203 1233 4277 facile,
1259 4215 1292 4266 et

336 4294 486 4359 facillime
503 4300 684 4362 exinanitur
700 4301 853 4383 prodigus
870 4300 968 4362 dives.
1007 4303 1090 4363 Arca
1105 4320 1182 4361 sane
1197 4322 1293 4384 capa·
