3384 5234
351 718 422 762 car.
439 698 499 778 v1.]
700 715 958 761 sonvcnarrcus.
1239 704 1303 763 285

353 867 415 931 Sed
431 866 487 951 qui
504 877 579 929 sunt
595 863 776 929 sacerdotes
795 863 946 930 Leviticae
961 863 1089 927 tribus?
1122 863 1177 927 Illi
1192 864 1306 951 ntique

351 990 431 1053 quos
445 968 512 1031 sine
531 966 673 1031 avaritiae
696 965 843 1045 stimulis,
860 965 928 1028 sine
949 964 1133 1030 ambitionis
1153 965 1309 1052 impulsu,

352 1070 419 1132 sine
442 1070 609 1134 affectione
631 1069 734 1132 carnis
755 1081 788 1132 et
811 1068 988 1152 sanguinis,
1012 1066 1064 1131 lex
1087 1066 1119 1131 in
1145 1068 1307 1134 ecclesiam

351 1171 541 1236 introduxit.
588 1174 662 1235 Non
685 1181 791 1233 autem
815 1169 868 1233 lex
890 1170 1003 1246 literoe,
1027 1192 1101 1254 quae
1123 1173 1307 1249 mortificat,

353 1272 407 1335 sed
432 1271 574 1357 spiritns,
589 1294 663 1355 quae
684 1270 717 1333 in
740 1269 908 1334 sanctitate
922 1269 1048 1345 mentis,
1063 1271 1221 1337 munditia
1241 1295 1309 1337 oor·

352 1369 450 1453 poris,
463 1368 538 1431 fidei
558 1345 748 1445 sinceritdfe,
763 1380 795 1431 et
817 1367 969 1452 operibus
992 1364 1142 1447 carimtis,
1159 1368 1309 1435 vivificat.

357 1468 446 1533 Sicut
461 1468 543 1531 enim
560 1468 738 1533 umbratilis
752 1469 817 1545 lex,
829 1480 862 1532 et
878 1491 989 1552 gerens
999 1473 1106 1534 omnia
1119 1468 1309 1554 figuraliter,

301 1643 303 1648 ,
356 1568 535 1633 sacerdotes
556 1568 587 1631 in
611 1567 832 1652 singularitate
858 1568 961 1632 carnis
982 1584 1015 1633 et
1042 1568 1205 1654 sanguinis
1229 1593 1310 1655 prae·

355 1669 474 1754 elegit3
497 1668 551 1744 sio,
563 1681 735 1755 postquam
751 1669 947 1733 cessantibus
963 1670 1084 1734 umbris
1094 1670 1209 1735 veritas
1223 1684 1312 1756 pate-

356 1769 442 1834 facta
466 1781 525 1848 est,
548 1782 581 1833 et
603 1770 733 1855 justitia
757 1769 798 1832 de
821 1771 904 1835 coelo
928 1771 1105 1856 prospexit,
1129 1794 1212 1857 quos
1235 1772 1310 1838 vitai

357 1869 558 1933 commendat
589 1872 748 1944 meritum,
780 1882 812 1934 et
846 1870 939 1934 bonae
967 1871 1125 1955 opinionis
1158 1857 1249 1947 odor,
1278 1883 1311 1935 et

359 1970 466 2034 unitas
480 1969 634 2049 fidelium,
649 1982 706 2034 aut
726 1970 931 2055 praelatorum
947 1971 1083 2055 diligens
1101 1971 1313 2055 providentia,

359 2070 391 2133 in
420 2093 501 2155 opus
530 2070 695 2134 ministerii
726 2071 914 2155 segregavit,
941 2071 1074 2157 spiritus
1103 2071 1243 2156 applicat
1271 2071 1313 2137 ad

358 2172 533 2236 Leviticam
563 2171 695 2249 tribum,
718 2185 750 2237 et
775 2172 936 2257 legitimos
961 2172 1100 2238 instituit
1126 2173 1314 2237 sacerdotes.

359 2272 542 2357 Adjicitur:
568 2274 614 2337 Et
630 2273 761 2337 habebit
777 2296 895 2354 secum,
906 2274 1055 2361 legetque
1069 2274 1152 2338 illud
1166 2276 1315 2340 omnibus

358 2372 559 2437 diebusvitae
582 2394 659 2436 suae.
704 2373 856 2449 Attende,
872 2385 994 2457 quanta
1016 2373 1131 2437 debeat
1153 2396 1221 2438 esse
1242 2373 1314 2438 dili·

359 2475 468 2557 gentia
482 2471 636 2556 principis
650 2473 683 2535 in
700 2470 769 2557 lege
784 2472 916 2534 Domini
936 2472 1156 2548 custodienda,
1172 2474 1230 2556 qui
1245 2496 1314 2539 eam

361 2596 484 2657 semper
505 2572 633 2649 babere,
649 2572 753 2658 legere
777 2573 976 2657 praecipitur,
991 2585 1023 2636 et
1047 2572 1218 2652 revolvere,
1233 2573 1316 2639 sicut

361 2698 418 2740 rex
433 2697 545 2759 regum
560 2674 665 2739 factus
679 2696 721 2739 ex
735 2674 880 2755 muliere,
895 2674 998 2739 factus
1014 2674 1074 2739 sub
1093 2674 1173 2759 lege,
1189 2696 1315 2739 omnem

361 2775 505 2861 implevit
517 2775 678 2859 justitiam
693 2775 785 2860 legis,
799 2775 828 2838 ei
844 2796 907 2839 non
922 2775 1120 2851 necessitate,
1136 2775 1191 2839 sed
1205 2774 1318 2839 volun·

362 2889 440 2953 tate,
466 2876 640 2961 subjectus.
685 2877 770 2954 Quia
794 2876 827 2941 in
854 2876 924 2961 lege
947 2881 1097 2942 voluntas
1123 2877 1203 2962 ejus,
1227 2889 1259 2941 et
1284 2876 1317 2941 in

363 2977 434 3063 lege
449 2978 579 3041 Domini
595 2979 769 3044 meditatus
784 2991 830 3043 est
847 2978 900 3042 die
915 3001 954 3042 ac
966 2995 1067 3043 nocte.
1114 2977 1210 3055 Quod
1225 2977 1250 3042 si
1261 2977 1316 3043 ille

364 3078 396 3143 in
413 3080 471 3142 bac
488 3089 578 3163 parte
593 3101 655 3144 non
671 3080 814 3145 creditur
835 3079 1021 3160 imitandus,
1036 3079 1092 3164 qui
1118 3101 1180 3142 non
1206 3101 1318 3165 regum

363 3182 510 3266 gloriam,
526 3182 581 3246 sed
604 3182 747 3247 fidelium
771 3182 939 3268 amplexus
962 3194 1010 3246 est
1033 3194 1268 3267 paupertatem,
1287 3196 1320 3248 et

363 3282 496 3348 indutus
511 3283 615 3348 forma
637 3283 754 3361 servili,
771 3283 1006 3348 reclinatorium
1022 3283 1120 3367 capiti
1144 3305 1207 3347 non
1231 3305 1320 3368 quoe-

365 3380 438 3445 sivit
450 3381 481 3444 in
495 3382 606 3454 terris;
633 3394 665 3447 et
680 3382 896 3467 interrogatus
911 3380 1063 3467 ajudice,
1075 3404 1208 3467 regnum
1224 3405 1318 3447 suum

365 3483 405 3547 de
421 3484 481 3547 boc
495 3482 616 3547 mundo
631 3506 694 3547 non
715 3507 794 3561 esse,
809 3485 972 3549 confessus
987 3497 1054 3558 est;
1086 3485 1254 3570 proficiant
1269 3488 1320 3551 vel

363 3584 510 3669 exempla
526 3605 637 3669 regum
653 3584 840 3663 illustrium,
856 3608 996 3671 quorum
1010 3587 1162 3650 memoria
1176 3587 1207 3651 in
1227 3589 1321 3653 bene-

364 3684 503 3749 dictione
518 3696 575 3749 est.
613 3685 791 3751 Procedant
803 3709 881 3771 ergo
897 3685 937 3749 de
949 3687 1061 3752 castris
1076 3687 1185 3762 Israel,
1200 3688 1319 3767 David,

364 3786 531 3862 Ezechias,
557 3799 589 3851 et
615 3786 732 3862 Josias,
756 3797 789 3852 et
811 3788 930 3863 caeteri,
945 3787 1003 3873 qui
1025 3788 1058 3852 in
1081 3812 1119 3853 eo
1144 3790 1204 3854 sibi
1230 3789 1320 3875 regni

364 3886 496 3972 gloriam
513 3901 656 3953 constare
668 3890 853 3967 credebant,
866 3888 891 3953 si
908 3890 970 3952 Dei
983 3902 1161 3976 quaerentes
1174 3890 1319 3976 gloriam,

366 4011 398 4051 se
413 4001 445 4053 et
465 3990 612 4054 subditos
636 3990 753 4056 divinae
773 3991 854 4073 legis
876 3991 1010 4055 nexibus
1031 3991 1229 4056 innodarent.
1274 3992 1321 4055 Et

367 4110 405 4152 ne
427 4088 554 4155 illorum
576 4105 699 4156 remota
722 4091 893 4156 videantur
914 4091 1072 4177 exempla,
1094 4104 1125 4156 et
1152 4115 1192 4155 ex
1214 4116 1252 4156 eo
1274 4115 1321 4156 se-

369 4190 496 4273 quenda
511 4191 626 4270 minus,
639 4192 728 4277 quod
743 4216 762 4256 a
776 4192 846 4276 lege
862 4214 983 4267 eorum,
998 4204 1031 4255 et
1047 4192 1110 4255 ritu
1128 4214 1274 4275 operum,
1289 4204 1322 4256 et
1353 4196 1356 4203 '

369 4286 529 4371 religionis
558 4290 661 4368 cultu,
691 4306 723 4358 et
752 4292 826 4357 fidei
857 4291 1064 4376 professione,
1094 4290 1323 4375 aliquantisper
