3384 5234
409 700 472 760 232
669 713 805 759 rosums
821 714 1100 759 sunnsannmnsrs
1217 699 1301 777 [nin.
1320 718 1362 761 rr.

414 865 597 928 Petronium
608 863 801 928 Trimalchio
812 863 922 940 refert,
933 864 1058 929 fabrum
1072 865 1184 942 fuisse,
1197 866 1251 951 qui
1264 866 1365 929 vitrea

412 985 490 1027 vasa
511 962 628 1026 faceret
652 964 831 1027 tenacitatis
854 975 964 1039 tantae,
988 976 1108 1028 utnon
1133 966 1246 1051 magis,
1270 989 1365 1053 quam

414 1085 509 1127 aurea
521 1061 570 1125 vel
586 1076 736 1146 argentea
748 1063 978 1145 frangerentur.
1017 1067 1124 1138 Quum
1137 1087 1213 1150 ergo
1228 1064 1366 1150 phialam

415 1164 600 1250 hujusmodi
623 1164 663 1228 de
685 1166 770 1228 vitro
798 1165 979 1249 purissimo,
1005 1176 1037 1228 et
1060 1165 1136 1240 solo,
1160 1178 1198 1229 ut
1219 1166 1367 1250 putabat,

412 1263 541 1348 dignam
555 1266 692 1337 Caesare,
704 1261 900 1340 fabricasset,
909 1286 981 1326 cum
994 1286 1125 1327 munere
1135 1286 1193 1327 suo
1205 1266 1363 1329 Caesarem

411 1361 529 1443 adiens,
553 1361 709 1425 admissus
729 1374 787 1425 est.
833 1362 984 1425 Laudata
1006 1375 1053 1427 est
1077 1363 1196 1447 species
1215 1363 1365 1440 muneris,

412 1460 631 1527 commendata
657 1484 770 1527 manus
799 1462 939 1538 artificis,
969 1476 1133 1548 acceptata
1162 1475 1210 1527 est
1237 1463 1365 1527 devotio

412 1561 571 1626 donantis.
620 1562 724 1625 Faber
746 1584 822 1625 vero
845 1576 881 1626 ut
904 1562 1144 1628 admirationem
1172 1563 1363 1627 intuentium

413 1674 550 1727 verteret
573 1662 604 1726 in
628 1675 802 1749 stuporem,
820 1675 853 1727 et
875 1662 935 1727 sibi
957 1664 1083 1749 plenius
1105 1664 1240 1749 gratiam
1264 1665 1368 1728 conci-

413 1763 504 1829 liaret
519 1764 728 1849 imperatoris,
745 1765 876 1849 petitam
892 1763 932 1827 de
953 1787 1049 1829 mauu
1069 1768 1206 1832 Caesaris
1227 1765 1365 1851 phialam

314 1920 317 1925 .
414 1865 542 1950 recepit,
558 1887 691 1951 eamque
708 1863 843 1927 validius
858 1866 992 1950 projecit
1004 1866 1037 1929 in
1047 1872 1267 1953 pavimentum
1278 1878 1366 1931 tauto

415 1965 549 2050 impetu,
580 1978 617 2028 ut
647 1988 703 2029 nec
733 1965 921 2029 solidissima
947 1979 980 2031 et
1017 1968 1267 2032 constantissima
1297 1969 1369 2030 aeris

414 2066 547 2128 materia
568 2079 709 2130 maneret
733 2066 839 2131 illaesa.
889 2070 997 2133 Caesar
1018 2080 1126 2133 autem
1149 2067 1190 2130 ad
1213 2067 1281 2132 haec
1304 2090 1366 2130 non

416 2165 517 2250 magis
528 2166 663 2251 stupuit,
676 2189 771 2252 quam
784 2168 925 2251 expavit.
970 2170 1018 2232 At
1028 2167 1081 2231 ille
1091 2167 1130 2231 de
1140 2180 1225 2231 terra
1236 2168 1367 2231 sustulit

414 2265 564 2351 phialam,
580 2290 653 2353 quae
668 2266 797 2354 quidem
821 2290 884 2332 non
900 2268 1002 2333 fracta
1018 2280 1098 2345 erat,
1122 2268 1177 2333 sed
1192 2268 1311 2343 collisa,
1327 2291 1365 2333 ac

415 2367 441 2432 si
465 2373 536 2433 aeris
562 2370 749 2442 substantia,
773 2370 848 2434 vitri
873 2370 1009 2456 speciem
1033 2369 1195 2435 induisset.
1242 2370 1368 2432 Deinde

413 2469 593 2534 martiolum
607 2470 647 2533 de
656 2470 726 2534 sinu
737 2474 909 2556 proferens,
920 2469 1033 2535 vitium
1045 2472 1182 2535 correxit
1190 2470 1366 2556 aptissime,

414 2584 446 2635 et
461 2585 613 2657 tanquam
630 2571 774 2635 collisum
796 2593 851 2635 vas
866 2594 989 2636 aeneum
1011 2571 1128 2635 crebris
1146 2571 1263 2636 ictibus
1278 2594 1368 2657 repa-

413 2676 506 2738 ravit.
552 2675 624 2751 Quo
649 2673 731 2738 facto
754 2696 786 2737 se
809 2672 926 2738 coelum
952 2673 1046 2737 Jovis
1068 2686 1174 2737 tenere
1195 2674 1368 2738 arbitratus

414 2787 473 2852 est,
489 2774 628 2860 eoquod
645 2774 892 2838 familiaritatem
910 2770 1054 2846 Caesaris,
1076 2783 1109 2835 et
1127 2770 1366 2835 admirationem

412 2874 552 2939 omnium
576 2898 608 2937 se
630 2874 839 2959 promeruisse
858 2871 1018 2936 credebat.
1064 2870 1126 2934 Sed
1143 2893 1233 2934 secus
1254 2869 1369 2934 accidit

417 2976 571 3053 Quaesivit
586 2977 670 3039 enim
684 2977 805 3050 Caesar,
821 2996 861 3036 an
877 2972 959 3035 alius
970 2972 1063 3035 sciret
1079 2971 1160 3034 banc
1169 2970 1367 3034 condituram

414 3076 596 3141 vitreorum.
621 3076 713 3152 Quod
724 3096 825 3161 quum
834 3070 1210 3157 negaret,eumdecollari
1218 3072 1369 3158 praecepit

416 3179 606 3263 imperator,
616 3176 741 3241 dicens:
758 3178 836 3261 quia
849 3174 875 3237 si
889 3174 949 3237 hoc
961 3173 1133 3237 artificium
1145 3176 1367 3249 innotesceret,

414 3300 527 3341 aurum
544 3290 753 3363 etargentum
763 3276 960 3353 vilescerent,
971 3274 1062 3359 quasi
1074 3273 1188 3338 lutum.
1232 3277 1282 3338 An
1295 3296 1368 3337 vera

415 3382 455 3445 sit
471 3381 582 3445 relatio
597 3395 628 3443 et
644 3378 756 3459 fidelis,
771 3378 927 3442 incertum
950 3390 1011 3454 est,
1024 3389 1056 3439 et
1072 3375 1113 3438 de
1132 3375 1218 3440 facto
1236 3376 1370 3440 Caesaris

414 3481 531 3546 diversi
546 3482 671 3544 diversa
686 3479 837 3544 sentiunt.
884 3481 959 3561 Ego
974 3499 1050 3539 vero
1065 3476 1293 3561 sapientiorum
1307 3498 1370 3539 non

413 3581 625 3667 praejudicans
645 3581 831 3658 intellectui,
853 3578 1055 3642 devotionem
1077 3579 1216 3663 potentis
1238 3576 1368 3640 artificis

415 3685 496 3745 male
525 3696 756 3746 remuneratam
792 3680 942 3754 arbitror,
972 3692 1004 3741 et
1039 3677 1195 3742 inutiliter
1229 3676 1369 3738 humano

412 3774 1369 3869 generiprospcctum,quumarsegregiadeletasit,utfomes

415 3887 569 3962 avaritiae,
580 3885 730 3970 pabulum
744 3882 864 3961 mortis,
870 3881 1107 3944 contentionum
1121 3877 1369 3962 proeliorumque

413 4012 507 4053 causa
541 3988 686 4073 pecunia,
718 3985 926 4071 pecuniaeque
956 3980 1090 4045 materia
1124 3992 1303 4043 servaretur
1332 3979 1365 4042 iu

414 4091 532 4176 precio,
546 4087 634 4174 quod
655 4088 721 4150 siue
740 4086 907 4171 diligentia
926 4082 1062 4147 bominis
1080 4081 1185 4145 fuerat
1206 4079 1368 4156 habitura,

416 4212 515 4275 quum
533 4193 599 4253 sine
614 4213 646 4253 se
661 4212 727 4252 csse
742 4211 803 4252 non
820 4187 931 4274 possit,
946 4208 1020 4272 quae
1035 4205 1140 4247 rerum
1158 4181 1297 4268 precium
1312 4195 1369 4246 est.

414 4292 536 4376 Utique
