3384 5234
500 679 519 736 2
753 694 887 740 rasurus
904 697 1182 745 saaussaeruusrs

504 841 623 929 Siquis
638 853 724 907 amat
739 865 860 921 verum,
877 845 935 909 tibi
950 845 990 910 sit
1003 846 1199 931 gratissimus
1213 850 1338 940 hospes,

544 945 588 1009 Et
602 968 697 1033 quem
713 946 853 1012 delectat
865 948 966 1032 gloria
980 971 1071 1031 vana,
1086 972 1173 1019 cave.

498 1047 575 1112 June
591 1059 774 1134 patronatus
787 1047 878 1112 illum
895 1048 974 1127 cole,
990 1050 1046 1137 qui
1060 1051 1138 1116 velit
1151 1075 1230 1132 esse,

542 1150 586 1215 Et
600 1151 688 1228 sciat,
704 1161 738 1215 et
751 1150 860 1237 possit,
876 1161 962 1216 tutor
976 1153 1097 1241 ubique
1112 1165 1195 1221 tuus.

500 1252 587 1337 Ergo
602 1263 763 1340 quaeratur
778 1254 833 1318 lux
847 1253 936 1336 cleri,
949 1253 1050 1339 gloria
1063 1258 1168 1341 gentis

541 1355 732 1441 Anglcrum‚
748 1355 830 1439 regis
844 1356 986 1438 dextera,
1000 1356 1101 1422 forma
1116 1358 1202 1425 boni.

498 1458 659 1533 Quaesitus
674 1458 763 1542 regni
778 1457 837 1522 tibi
853 1458 1060 1524 cancellarius
1076 1460 1185 1545 Angli,

540 1560 666 1625 Primus
680 1559 814 1624 sollicita
828 1570 937 1624 mente
952 1562 1111 1646 petendus
1125 1562 1195 1628 erit.
1225 1574 1228 1578 ’

495 1663 558 1728 Hic
573 1662 692 1751 estqui
706 1662 796 1748 regni
811 1662 899 1747 leges
913 1663 1070 1728 cancellat
1083 1664 1219 1753 iniquas,

536 1766 582 1830 Et
595 1764 746 1830 mandata
761 1763 806 1851 pii
821 1764 971 1850 principis
987 1787 1080 1853 oequa
1095 1767 1182 1832 facit.

493 1868 527 1932 Si
543 1867 621 1955 quid
635 1867 725 1931 obest
739 1866 868 1952 populo,
884 1866 934 1931 vel
950 1868 1091 1933 moribus
1106 1879 1154 1933 est
1167 1868 1345 1949 inimicum,

535 1969 698 2057 Quicquid
714 1969 747 2033 id
762 1980 819 2046 est,
835 1992 893 2055 per
907 1992 982 2034 eum
997 1970 1115 2035 desinit
1127 1994 1195 2037 esse
1210 1995 1338 2039 nocens.

493 2072 627 2138 Publica
641 2071 770 2158 privatis
785 2071 841 2159 qui
856 2071 986 2159 prael'ert
1000 2075 1169 2139 commoda
1183 2097 1327 2163 semper:

536 2175 695 2261 Quodque
711 2174 766 2239 dat
780 2174 812 2237 iu
828 2173 947 2258 plures,
963 2174 1052 2240 ducit
1066 2176 1100 2238 in
1117 2198 1180 2240 aere
1197 2199 1263 2243 suo.

493 2278 589 2354 Quod
604 2278 659 2342 dat
672 2275 784 2354 habet3
799 2276 885 2362 quod
899 2276 1008 2355 habet,
1021 2277 1124 2363 dignis
1138 2279 1250 2344 donat:
1267 2279 1335 2345 rice
1351 2303 1440 2346 versa

534 2378 678 2465 Spargit;
701 2377 757 2443 sed
772 2400 889 2463 sparsae
904 2378 1158 2466 multiplicantur
1171 2402 1257 2466 opes.

490 2482 600 2569 thue
615 2482 717 2546 virum
734 2480 831 2546 virtus
846 2480 956 2563 animi,
970 2482 1015 2546 sic
1028 2482 1133 2567 gratia
1147 2485 1269 2566 lormae,

531 2583 685 2671 Undique
701 2582 882 2648 mirandum
896 2583 1046 2668 gentibus
1060 2606 1129 2649 esse
1143 2584 1228 2653 facit.

485 2687 612 2752 Tardus
626 2687 667 2751 ad
681 2687 766 2752 hunc
785 2686 912 2751 Samius
926 2685 952 2751 si
967 2698 1068 2752 certet
1083 2687 1232 2754 acumine
1247 2688 1375 2767 mantis,

528 2789 744 2876 Indoctusque
762 2787 864 2865 Plato,
881 2788 1047 2875 Varroque
1062 2788 1176 2856 stultus
1190 2791 1260 2859 erit.

485 2891 584 2959 Curio
598 2891 623 2956 si
639 2901 740 2955 certet
753 2889 869 2970 verbis,
883 2889 1028 2954 vincetur
1042 2888 1083 2954 ab
1098 2889 1166 2975 ipso
1174 2916 1183 2968 3

529 2994 651 3072 Victus,
664 2992 690 3058 si
706 3003 817 3070 certet,
835 2991 1054 3067 Quintilianus
1068 2991 1138 3057 erit

484 3096 591 3182 Hujus
604 3118 695 3161 nossa
710 3096 842 3160 domum
858 3117 923 3160 non
938 3107 986 3160 est
1001 3116 1051 3159 res
1065 3094 1181 3172 ardua3
1205 3096 1305 3162 cuivis

527 3199 600 3264 Nou
615 3199 696 3263 duce
712 3197 856 3285 quoesito,
873 3196 988 3262 semita
1002 3195 1077 3261 trita
1091 3206 1189 3282 patet.

483 3301 568 3366 Nota
582 3301 695 3365 domus
709 3299 841 3375 cunctis,
858 3298 935 3363 vitio
950 3320 1014 3363 non
1030 3298 1157 3383 cognita
1172 3297 1229 3363 soli

523 3402 639 3477 Lucet,
654 3400 695 3465 ab
710 3400 769 3464 hac
784 3399 889 3463 lucem
905 3399 1002 3475 dives,
1019 3421 1150 3485 egenus,
1166 3398 1295 3466 habent.

479 3504 541 3569 Illa
555 3513 643 3589 patet
657 3502 789 3579 miseris,
806 3513 895 3588 patet
908 3513 941 3568 et
955 3503 1068 3568 domus
1083 3502 1139 3567 illa
1153 3503 1265 3581 beatis,

524 3606 588 3670 Hic
602 3614 692 3691 patre
708 3604 834 3672 laetatur
848 3605 971 3671 advena
986 3606 1121 3693 quisque
1136 3627 1203 3671 suo.

480 3709 591 3785 Quum
608 3718 745 3773 reserata
759 3706 858 3772 semel
874 3707 971 3773 fuerit
984 3708 1044 3772 tibi
1054 3708 1165 3793 janua,
1180 3730 1309 3774 currens

522 3811 577 3875 Ad
593 3809 769 3875 thalamum
784 3809 906 3874 domiui
921 3809 1126 3896 progrediere
1141 3809 1198 3876 tui.

477 3912 635 3998 Exspecta
649 3911 726 3976 dum
741 3910 836 3976 turba
850 3910 940 3987 fluat,
955 3931 1029 3996 quae
1044 3908 1145 3975 fervat
1159 3910 1193 3973 in
1208 3909 1292 3991 aula,

521 4015 681 4102 Fessaque
695 4012 758 4078 sint
772 4011 894 4077 domiui
905 4011 1051 4076 membra
1066 4010 1203 4075 fovenda
1217 4022 1296 4076 toro.

480 4117 642 4195 Accedes,
659 4114 784 4180 vultum
799 4113 939 4180 mutabis
952 4112 1093 4178 mantica
1108 4134 1212 4198 nugas

519 4219 687 4299 Excutiat3
711 4238 842 4303 peregre
858 4240 944 4282 nunc
959 4215 1146 4303 peregrinus
1160 4226 1222 4280 eat.

475 4325 547 4389 Non
562 4334 672 4388 tamen
688 4318 845 4396 ostendas,
861 4319 969 4385 oculos
984 4318 1070 4405 quod
1084 4317 1236 4403 principis
1250 4330 1332 4399 urat,
