3384 5234
442 707 503 764 246
699 718 834 763 maurus
851 717 1126 762 sauusnaumuus
1254 700 1338 773 [nm.
1355 716 1398 758 1v.

446 884 482 935 ut
499 873 672 957 putabatur
697 869 836 947 oonsilio,
852 884 884 933 et
903 868 1091 932 auctoritate
1108 867 1268 954 judicum,
1285 866 1325 931 ad
1342 866 1398 930 de·

445 973 570 1037 leudam
591 984 707 1035 sectam
730 971 905 1045 hominum,
925 969 1071 1055 opinione
1092 969 1221 1053 publica
1244 971 1397 1056 supersti-

444 1078 567 1154 tiosam,
583 1088 615 1139 et
631 1096 713 1141 verae
729 1071 891 1157 religionis
905 1071 1074 1148 inimicam,
1090 1072 1290 1138 invitaretur.
1329 1072 1397 1135 Nec

444 1191 548 1243 tamen
566 1198 794 1262 usquequaque
810 1173 996 1238 commendo
1006 1173 1165 1259 justitiam
1180 1173 1327 1251 hominis,
1340 1171 1397 1259 qui

444 1279 607 1344 Christum
631 1277 809 1362 ignorabat,
826 1275 880 1340 sed
902 1275 1029 1360 culpam
1051 1278 1151 1361 ipsius
1170 1287 1320 1352 extenuo,
1336 1276 1393 1361 qui

441 1380 576 1444 aliorum
591 1378 764 1444 excedebat
779 1378 930 1463 impulsu,
942 1390 974 1440 et
989 1376 1029 1439 ad
1046 1376 1232 1443 beneficium
1248 1380 1395 1441 miseren-

441 1481 584 1568 dumque
607 1482 744 1568 propriae
772 1480 898 1566 pietatis
920 1480 1074 1562 agebatur
1096 1479 1259 1560 instinctu,
1281 1491 1396 1543 natura

440 1588 576 1649 clemens
594 1587 626 1648 in
645 1606 764 1662 omnes,
778 1595 924 1647 austerus
938 1581 969 1644 in
985 1603 1115 1666 paucos,
1131 1581 1250 1666 quibus
1264 1603 1392 1667 parcere

440 1687 529 1750 nefas
543 1699 640 1760 esset;
663 1685 742 1749 adeo
757 1699 805 1762 ut,
822 1684 919 1750 totius
935 1683 1057 1769 imperii
1072 1682 1120 1747 sui
1136 1682 1302 1762 curriculo,
1312 1706 1393 1748 unus

440 1786 609 1850 damnatus
628 1786 669 1851 sit
689 1796 869 1850 senatorum
891 1784 1085 1849 nobiliumve
1101 1784 1201 1860 urbis,
1217 1783 1291 1849 licet
1304 1785 1393 1848 inve-

438 1889 567 1953 niantur
592 1886 722 1974 plurimi
745 1886 775 1950 in
801 1888 907 1973 ipsum
934 1886 1075 1971 graviter
1100 1884 1279 1970 deliquisse.
1327 1888 1390 1951 Hie

437 2004 541 2054 autem
570 2013 589 2052 a
620 2002 730 2052 senatu
761 1988 931 2054 damnatus
959 2001 1017 2067 est,
1046 1987 1212 2072 ignorante
1241 1989 1389 2074 Trajano.

438 2090 574 2153 Dicebat
589 2092 671 2153 enirn
687 2091 832 2153 insanum
853 2113 919 2153 esse
939 2112 1024 2169 eum,
1039 2090 1095 2176 qui
1110 2090 1218 2154 oculos
1233 2090 1258 2155 si
1273 2090 1389 2155 habeat

435 2190 615 2276 lippientes
634 2214 686 2254 eos
709 2190 797 2255 malit
817 2190 967 2272 effodere,
987 2213 1084 2277 quam
1104 2212 1224 2255 curare.
1269 2193 1385 2256 Aiebat

434 2292 540 2371 etiam,
555 2314 678 2377 ungues
694 2292 719 2355 si
734 2293 869 2355 acriores
884 2292 1015 2369 fuerint,
1027 2292 1212 2358 resecandos
1226 2316 1304 2370 esse,
1321 2316 1385 2359 nou

434 2393 623 2459 avellendos.
657 2396 688 2458 Si
701 2395 783 2458 enim
796 2395 1001 2472 citharoeduS,
1011 2393 1129 2481 aliique
1140 2394 1294 2473 fidicines,
1307 2396 1390 2459 mul-

435 2511 469 2561 ta
487 2497 652 2582 diligentia
672 2512 857 2582 procurant,
878 2498 1039 2584 quomodo
1058 2497 1234 2562 oberrantis
1257 2498 1386 2563 chordae

433 2610 632 2684 compescant
645 2598 766 2674 vitium,
780 2612 811 2663 et
824 2599 954 2663 eandem
968 2597 1036 2663 aliis
1048 2599 1227 2662 unanimem
1238 2597 1386 2680 reddant,

431 2700 613 2786 faciantque
644 2701 857 2766 dulcissimam
888 2701 1111 2766 dissidentium
1137 2702 1385 2781 consonantiam,

433 2802 559 2865 chordis
583 2824 644 2865 non
672 2803 784 2888 ruptis,
810 2802 864 2867 sed
896 2802 992 2867 tensis
1021 2801 1308 2887 proportionaliter,
1332 2802 1383 2866 vel

432 2903 584 2967 remissis:
611 2918 731 2989 quanta
746 2903 959 2969 sollicitudine
979 2915 1105 2989 oportet
1126 2903 1299 2989 prinoipem
1315 2927 1382 2968 mo·

432 3006 546 3084 derari,
562 3028 646 3070 nunc
664 3007 769 3092 rigore
786 3006 933 3093 justitiae,
948 3028 1032 3069 nuuc
1052 3004 1233 3069 remissione
1248 3005 1383 3069 clemen·

431 3109 497 3190 tiae,
512 3121 547 3174 ut
564 3108 709 3172 subditos
728 3109 822 3173 faciat
846 3108 939 3195 quasi
961 3108 1124 3173 unanimes
1145 3130 1211 3172 esse
1227 3106 1259 3171 in
1275 3107 1382 3184 domo,

429 3223 460 3273 et
477 3209 568 3296 quasi
591 3209 840 3274 discordantium
857 3209 889 3273 in
905 3208 1077 3274 ministerio
1093 3208 1179 3294 pacis
1194 3220 1226 3272 et
1242 3209 1382 3274 caritatis

429 3309 589 3396 operibus,
615 3333 708 3373 unam
733 3310 828 3374 faciat
851 3312 1035 3396 perfectam,
1058 3324 1090 3376 et
1114 3310 1283 3375 maximam
1310 3312 1382 3375 har-

429 3412 592 3475 moniam?
630 3415 703 3476 Hoc
732 3424 839 3476 autem
870 3424 991 3477 certum
1017 3424 1076 3489 est,
1103 3412 1179 3498 quia
1205 3412 1308 3477 tutius
1333 3427 1380 3479 est

428 3514 563 3579 chordas
588 3514 707 3578 remitti
735 3514 901 3589 intensius,
928 3536 1024 3600 quam
1054 3515 1212 3601 protendi.
1258 3516 1380 3581 Remis-

428 3636 533 3677 sarum
549 3638 686 3701 namque
700 3616 846 3692 intensio,
862 3616 993 3681 artificis
1007 3617 1123 3703 peritia
1134 3616 1334 3691 convalescit,
1347 3630 1378 3682 et

427 3715 566 3781 debitam
590 3719 658 3782 soni
680 3718 786 3782 reddit
807 3717 963 3803 gratiam
992 3718 1047 3783 sed
1069 3708 1258 3802 quaesemel
1280 3730 1378 3801 rupta

426 3833 484 3898 est,
503 3819 591 3883 nullo
611 3819 745 3884 artificio
768 3832 944 3905 reparatur.
991 3818 1139 3883 Profecto
1159 3818 1185 3880 si
1206 3839 1301 3880 sonus
1321 3840 1376 3881 ex·

425 3922 535 4006 igitur,
558 3946 650 4007 quem
673 3944 735 3985 non
757 3921 885 3997 habent,
902 3922 1020 3986 frustra
1041 3920 1227 3993 tenduntur,
1244 3932 1275 3982 et
1292 3942 1376 4003 saepe

424 4024 519 4088 citius
541 4025 667 4088 venitur
689 4025 730 4088 ad
752 4023 887 4098 nullum,
911 4046 1007 4109 quam
1031 4022 1071 4086 ad
1094 4045 1179 4097 eum,
1202 4021 1259 4107 qui
1281 4023 1376 4085 nimis

424 4124 572 4209 exigitur.
619 4125 850 4190 AitEthicus:

527 4274 577 4325 Est
588 4276 661 4343 piger
673 4273 706 4324 ad
718 4290 809 4343 poeuas
820 4277 947 4346 princeps,
959 4276 992 4327 ad
1004 4275 1109 4347 praemia
1120 4274 1207 4338 velox,

562 4359 667 4427 Quique
681 4358 758 4421 dolet,
772 4360 889 4426 quotiens
902 4363 1001 4427 cogitur
1014 4379 1071 4414 esse
1082 4358 1163 4414 ferox.
