3384 5234
435 658 477 730 Ι80
691 680 826 725 Joaums
842 678 1116 727 sanasnsamusrs
1249 661 1331 743 [nia.
1348 681 1385 725 11.

437 832 487 897 vel
513 831 676 895 vinearum
702 831 876 913 radicibus,
899 832 1073 920 appetitiva
1099 831 1236 919 quadam
1264 835 1385 899 virtute

435 931 619 1011 attrabitur,
630 930 745 995 deinde
760 931 900 1017 quadam
913 933 1137 999 distributione
1148 945 1282 1010 naturae,
1298 935 1387 1019 dige-

435 1034 518 1097 ritur
537 1055 593 1119 per
607 1031 789 1118 plantarum
807 1033 961 1108 membra,
977 1047 1009 1098 et
1025 1058 1124 1119 quum
1142 1037 1182 1101 de
1202 1058 1260 1099 sua
1273 1035 1384 1099 decoc-

432 1136 518 1201 tione
543 1135 726 1220 profecerit,
756 1134 910 1220 turgescit
940 1137 973 1198 in
1004 1136 1159 1213 surculos,
1184 1149 1217 1201 et
1247 1159 1311 1221 quo
1340 1136 1382 1199 ad

431 1236 694 1304 sustentationem
721 1234 771 1299 sui
794 1256 857 1298 uon
878 1234 1011 1319 indiget,
1037 1236 1069 1300 in
1099 1236 1175 1300 folia
1196 1249 1228 1301 et
1256 1237 1381 1301 fructus

431 1340 560 1414 emittit,
576 1337 749 1425 quiquam
766 1337 989 1411 maturuerint,
1005 1338 1038 1401 in
1058 1352 1162 1403 musta
1178 1339 1382 1426 despumant,

432 1456 465 1507 et
488 1441 532 1505 sic
554 1462 611 1527 per
636 1437 803 1504 intervalla
829 1449 1021 1523 temporum,
1047 1452 1199 1504 consueto
1222 1462 1282 1503 usu
1307 1439 1381 1503 vina

432 1545 629 1633 parturiunt.
676 1540 710 1607 si
737 1564 812 1605 vero
837 1540 962 1605 occulta
984 1540 1189 1627 dispositione
1213 1541 1287 1617 Dei,
1311 1541 1381 1627 qui-

431 1646 566 1713 busdam
586 1657 710 1708 naturae
729 1641 893 1722 cuniculis,
907 1642 1049 1726 digestus
1069 1656 1100 1708 et
1125 1656 1304 1709 maturatus
1319 1644 1380 1707 hu·

431 1773 500 1814 mor
515 1748 636 1834 absque
656 1746 807 1831 temporis
826 1744 1008 1825 interstitio,
1021 1746 1223 1831 inopinatum
1239 1758 1381 1810 vertatur

430 1853 463 1916 in
488 1853 609 1926 vinum,
631 1847 817 1910 miraculum
842 1846 970 1932 quidem
994 1861 1053 1927 est,
1075 1848 1152 1933 quia
1173 1848 1310 1913 altitudo
1332 1846 1380 1910 di-

429 1952 513 2016 vinae
533 1946 775 2033 dispensationis
794 1958 938 2010 nostrum
957 1948 1150 2012 transcendit
1171 1947 1376 2012 intellectum.

430 2051 504 2133 Sed,
518 2062 555 2114 ut
571 2048 615 2113 ait
636 2049 770 2132 sapiens,
784 2046 876 2111 cedat
898 2047 1032 2115 inscitire
1054 2050 1183 2113 nubilus
1198 2071 1295 2127 error,
1310 2072 1377 2112 ces·

428 2162 496 2216 sent
519 2147 662 2236 profecto
688 2146 768 2211 mira
793 2147 904 2212 videri.
949 2150 1024 2212 Non
1051 2162 1156 2212 tamen
1180 2148 1373 2211 mirabilium

428 2251 491 2316 Dei
505 2250 599 2314 fidem
616 2248 666 2313 vel
680 2248 902 2314 auctoritatem
917 2249 1077 2333 infring03
1102 2250 1157 2314 sed
1172 2249 1373 2313 altitudinem

426 2354 609 2419 divitiarum
627 2351 789 2436 sapientiae
801 2364 833 2415 et
845 2352 983 2418 scientiae
999 2376 1076 2432 suae,
1086 2352 1180 2439 plena
1193 2350 1374 2415 humilitate

426 2478 558 2521 veneror
573 2467 603 2520 et
617 2452 766 2529 admiror,
779 2454 879 2517 sciens
895 2453 970 2540 quia
985 2455 1072 2540 quod
1086 2454 1221 2519 stultum
1237 2466 1285 2518 est
1298 2452 1371 2528 Dei,

424 2555 599 2643 sapientius
625 2566 673 2619 est
702 2553 895 2619 hominibus.
948 2556 987 2619 In
1014 2555 1122 2621 multis
1151 2558 1265 2619 etenim
1293 2553 1370 2632 labi,

423 2660 561 2725 humana
586 2655 753 2720 infirmitas
775 2669 834 2734 est,
858 2656 940 2722 sicut
961 2657 994 2721 in
1017 2658 1106 2722 nullo
1128 2656 1219 2722 aliter
1241 2655 1369 2733 sentire,

423 2783 519 2848 quam
536 2782 586 2824 res
601 2782 633 2823 se
647 2758 775 2837 habeat,
791 2758 933 2844 angelica
948 2758 998 2822 vel
1013 2759 1121 2824 divina
1136 2758 1298 2845 perfectio.

491 3001 572 3085 Cap.
592 3004 641 3065 13.
668 3001 754 3075 Quia
769 3001 862 3063 Deua
876 3001 980 3081 signia
993 3021 1087 3063 auam
1098 3000 1298 3081 praemunire

713 3104 870 3186 dipaotur
884 3111 1076 3167 creaturam.

462 3240 536 3301 Hoc
552 3260 682 3322 quoque
705 3235 822 3301 divina²
844 3235 1054 3300 miserationis
1075 3248 1135 3311 est,
1151 3236 1239 3320 quod
1262 3235 1366 3321 signo-

414 3361 485 3403 rum
502 3360 632 3402 suorum
648 3336 766 3400 indicio
783 3337 994 3420 ignorantiam
1011 3350 1150 3400 nostram
1167 3338 1364 3425 quandoque

414 3439 599 3524 praemunit.
645 3439 777 3500 Cometa
799 3435 955 3520 siquidem
980 3449 1165 3521 apparente,
1188 3440 1365 3503 creduntur

415 3538 579 3602 imminere
594 3535 733 3599 comitia.
778 3538 832 3599 An
849 3536 976 3621 ignoras

625 3660 700 3712 terris
712 3665 856 3712 mutantem
867 3678 949 3728 regna
960 3662 1114 3714 cometem?

414 3771 518 3837 Italiae
541 3793 672 3858 quoque
693 3769 877 3835 imminente
899 3771 1035 3848 excidio,
1055 3795 1129 3858 quae
1151 3775 1242 3857 signa
1264 3778 1363 3840 conti-

411 3873 527 3959 gerint,
543 3896 605 3937 non
621 3871 719 3936 nescit
743 3871 888 3957 quisquis
909 3872 1112 3958 aliquatenus
1134 3897 1237 3939 rerum
1254 3878 1361 3963 publi-

412 3998 520 4040 carum
536 3973 684 4039 historias
698 3972 816 4060 attigit.
849 3975 1083 4039 Historicorum
1099 3977 1270 4055 volumina,
1286 4003 1361 4065 quae

411 4078 451 4142 de
474 4079 569 4142 rebus
590 4076 851 4141 memorabilibus
875 4075 1071 4155 scribuntur,
1092 4078 1246 4164 prodigiis
1266 4080 1360 4165 plena

412 4194 486 4246 sunt
516 4194 547 4245 et
577 4178 717 4244 ostentis.
773 4177 921 4265 Denique
950 4179 1009 4243 sub
1040 4181 1135 4245 Helia
1164 4194 1196 4247 et
1227 4184 1359 4249 Heliseo

410 4287 513 4349 multa
527 4281 601 4346 fidei
616 4295 646 4346 et
663 4280 791 4345 virtutis
809 4281 899 4366 signa
920 4285 1114 4366 praecessisse
1129 4306 1191 4348 non
1212 4286 1357 4377 ambigis.
