3384 5234
427 689 486 748 lau
684 699 819 744 ioannis
834 698 1113 744 sanusannnrusrs
1237 680 1319 759 [nin.
1335 692 1373 740 11.

426 863 521 915 vatur
543 849 722 923 arbitrium,
748 850 826 913 dum
850 849 875 913 si
899 849 1074 925 volueritis,
1098 860 1129 912 et
1155 848 1181 911 si
1207 844 1376 911 nolueritis

425 952 532 1015 dicens
545 952 578 1015 in
594 964 765 1037 utramque
780 963 915 1036 partem,
931 975 991 1015 non
1007 974 1047 1014 ex
1059 950 1181 1036 judicio
1195 950 1376 1013 irretracta-

424 1052 481 1115 bili
507 1053 614 1116 fatove
636 1053 709 1130 Dei,
731 1051 785 1115 sed
808 1074 847 1115 ex
870 1054 985 1117 merito
1005 1051 1202 1135 singulorum
1226 1048 1376 1114 omnibus

422 1176 550 1239 poeuam
567 1151 623 1216 'vel
647 1154 815 1238 praemium
839 1153 1045 1238 repromittit.
1090 1156 1184 1217 Esset
1204 1152 1318 1235 utique
1340 1149 1372 1212 in

423 1255 621 1320 voluntatem
647 1254 762 1319 collata
791 1254 932 1317 conditio
961 1253 1160 1337 promerendi
1190 1251 1324 1327 inutilis,
1347 1249 1373 1313 si

422 1354 559 1418 faciendi
574 1354 625 1417 vel
640 1377 702 1418 non
717 1341 1053 1429 faciendi'necessitas,
1068 1365 1149 1418 esset
1163 1350 1373 1440 providentiae

425 1455 475 1519 vel
499 1456 638 1520 fatorum
663 1456 797 1520 nexibus
826 1454 958 1538 illigata.
1013 1454 1107 1531 Quod
1138 1456 1163 1517 si
1192 1454 1279 1519 istud
1308 1474 1371 1516 non

424 1557 538 1623 sufficit
554 1558 767 1633 contentiosis,
783 1579 822 1620 an
844 1580 906 1620 non
922 1580 962 1620 ex
978 1557 1174 1642 Evangelico
1194 1553 1372 1620 testimonio
1437 1575 1444 1584 ·

423 1674 548 1745 poterat
574 1660 605 1722 in
634 1663 775 1744 passione
801 1658 887 1721 filius
913 1679 1025 1742 rogare
1051 1671 1173 1743 patrem
1203 1679 1310 1732 suurn,
1336 1667 1372 1718 ut

423 1761 587 1825 exhiberet
602 1762 631 1824 ei
646 1759 815 1845 plusquam
835 1758 1004 1821 duodecim
1025 1758 1163 1842 legiones
1178 1757 1371 1842 angelorum,

423 1884 524 1947 quum
539 1874 643 1925 tamen
660 1861 778 1946 liqueat
790 1883 828 1922 ex
841 1872 914 1944 post
929 1860 1025 1934 facto,
1042 1883 1103 1923 non
1116 1860 1187 1936 hoc,
1203 1859 1257 1923 sed
1273 1880 1373 1943 oppo-

423 1963 516 2025 situm
548 1963 627 2044 ejus,
656 1961 743 2045 quod
774 1962 919 2043 contigit,
942 1960 1040 2025 fuisse
1068 1963 1242 2046 provisum.
1303 1964 1371 2026 Nec

421 2060 661 2145 perspicacioris
691 2060 808 2140 ingenii
838 2073 963 2123 moveat
993 2083 1130 2136 sensum,
1157 2067 1183 2124 si
1213 2062 1245 2123 in
1272 2075 1371 2126 tantae

421 2160 594 2244 majestatis
609 2157 760 2222 scrutinio
772 2160 925 2243 exemplis
940 2160 1114 2242 deficimus,
1125 2184 1182 2225 nec
1194 2162 1371 2226 rationibus

420 2259 632 2340 abundamus,
643 2282 744 2345 quum
756 2260 995 2324 admirationem
1008 2262 1090 2324 ratio
1105 2262 1207 2337 tollat,
1219 2275 1250 2326 et
1266 2284 1371 2326 exem-

421 2360 547 2443 plorum
562 2358 708 2422 inductio
730 2358 981 2444 singularitatem
998 2361 1157 2426 excludat.
1203 2364 1281 2448 Ipsa
1295 2385 1370 2426 vero

420 2459 572 2524 ineffabili
595 2458 815 2544 singularitate
838 2459 1003 2538 mirabilis,
1025 2472 1057 2524 et
1079 2461 1214 2525 mirabili
1240 2465 1371 2526 immen-

422 2562 515 2626 sitate
530 2561 711 2644 singularis,
728 2583 853 2626 omnem
875 2584 998 2626 sensum
1015 2574 1181 2646 exuperat,
1198 2585 1260 2626 non
1276 2563 1372 2626 modo

420 2663 584 2727 hominurn
606 2662 659 2728 sed
681 2661 877 2747 angelorum.
923 2663 994 2725 Scio
1016 2663 1162 2747 equidem
1188 2664 1262 2749 quia
1282 2687 1369 2729 scru-

420 2778 507 2829 tator
533 2766 707 2850 majestatis
732 2763 932 2849 opprimetur
958 2788 977 2827 a
999 2765 1111 2849 gloria,
1138 2778 1170 2829 et
1199 2788 1239 2831 ex
1265 2766 1370 2831 edicto

421 2865 591 2947 Altissimi‚
606 2866 752 2943 bestiam,
768 2866 793 2928 si
815 2879 954 2930 montem
970 2866 1123 2949 tetigerit,
1140 2866 1301 2952 lapidibus
1316 2869 1371 2932 ob-

419 2968 583 3033 ruendam.
629 2966 726 3033 Unde
747 2989 820 3053 quae
842 2965 872 3028 in
897 2966 1017 3032 talibus
1039 2981 1282 3053 praeponuntur,
1306 2969 1370 3033 sine

417 3068 607 3156 praejudicio
620 3068 798 3146 meliorum,
810 3068 1030 3150 investigantis
1045 3069 1150 3132 animo
1163 3069 1271 3154 potius
1285 3070 1370 3134 dicta

421 3183 506 3247 sunt,
521 3193 617 3258 quarn
634 3171 800 3234 temeraria
819 3168 1027 3246 contentione,
1042 3170 1082 3233 ad
1098 3169 1369 3255 impugnationem

418 3272 486 3335 veri
501 3271 623 3357 aliquid
647 3270 825 3335 statuentis.
873 3270 933 3332 Sed
958 3292 1015 3334 nec
1034 3270 1114 3333 illud
1135 3292 1185 3333 me
1205 3271 1284 3334 scire
1298 3293 1370 3334 con-

415 3374 524 3451 fiteor,
537 3394 596 3437 cur
610 3372 669 3434 hoc
685 3371 855 3456 reprobato
870 3371 966 3434 alium
983 3370 1191 3456 praeelegerit,
1206 3372 1267 3437 nisi
1281 3370 1370 3458 quod

419 3495 491 3535 cum
516 3469 662 3554 patribus
687 3469 785 3532 sentio
810 3470 843 3533 in
866 3468 922 3533 illo
947 3470 1103 3534 occultam
1127 3470 1188 3533 Dei
1208 3470 1367 3555 justitiam

419 3570 643 3645 venerandam,
658 3570 689 3632 in
706 3568 978 3634 hoc'manisestam
995 3571 1108 3654 gratiae
1124 3571 1367 3635 misericordiam
1404 3591 1406 3594 ·

420 3670 681 3756 amplectendam.
727 3675 810 3736 Nam
834 3684 865 3735 et
889 3670 951 3746 ille,
968 3672 1024 3754 qui
1048 3684 1159 3757 raptus
1173 3671 1214 3734 ad
1238 3673 1367 3736 tertium

420 3772 535 3836 coelum
553 3773 679 3837 audivit
699 3794 811 3835 arcana
838 3771 945 3847 verba,
967 3794 1040 3856 quae
1065 3794 1127 3835 non
1150 3771 1223 3837 licet
1248 3772 1369 3836 homini

419 3873 626 3959 loqui,hujus
641 3872 837 3937 difficultatis
851 3872 1019 3936 articulum
1036 3894 1098 3935 non
1115 3884 1180 3937 tam
1196 3872 1370 3940 discutiens

419 3996 514 4060 quam
538 3974 707 4050 admirans,
722 3971 924 4036 altitudinem
947 3971 1131 4036 divitiarum
1155 3975 1318 4059 sapientiae
1337 3988 1370 4038 et

419 4076 558 4141 scientiae
588 4072 649 4136 Dei
678 4072 873 4135 confessione
902 4072 1016 4135 humili
1042 4086 1220 4149 veneratus,
1245 4072 1369 4155 judicia

419 4178 488 4262 ejus
502 4171 841 4259 incomprehensibilia,
858 4184 889 4235 et
903 4171 968 4235 vias
983 4171 1287 4258 impervestigabiles
1302 4195 1369 4237 esse

420 4275 620 4367 pronunciat.
673 4275 797 4338 Incerta
819 4285 851 4337 et
874 4272 998 4338 occulta
1025 4273 1187 4361 sapientiae
1214 4271 1287 4353 Dei,
1311 4277 1369 4361 qui
