3384 5234
470 689 532 750 262
716 725 718 729 -
741 699 880 748 mannis
895 699 1175 754 saansaaamusm
1292 682 1373 760 [na.
1389 704 1425 747 v.

463 854 541 938 jano
562 850 702 915 Salutem
723 849 811 915 dicit.
859 848 1051 913 Modestiam
1074 860 1161 914 tuam
1183 873 1332 915 noveram
1357 875 1421 917 non

469 967 619 1040 appetere
643 951 870 1039 principatum,
893 974 989 1037 quem
1017 966 1122 1017 tamen
1149 976 1272 1040 semper
1297 977 1424 1020 morum

469 1055 625 1140 elegantia
649 1054 762 1117 mereri
786 1052 949 1118 studuisti.
996 1054 1067 1131 Quo
1089 1053 1219 1138 quidem
1238 1068 1329 1120 tanto
1354 1056 1426 1140 dig-

469 1157 539 1219 nior
560 1155 727 1241 judicaris,
752 1166 874 1239 quanto
899 1177 918 1216 a
944 1154 1075 1219 crimine
1101 1154 1282 1220 ambitionis
1309 1156 1427 1223 videris

468 1280 538 1324 esse
564 1255 723 1319 remotior.
771 1256 856 1318 Tuae
880 1255 990 1341 itaque
1012 1255 1126 1320 virtuti
1150 1258 1365 1343 congratulor,
1392 1271 1426 1323 et

468 1361 613 1433 fortuna,
630 1380 721 1432 meae,
742 1357 767 1421 si
791 1370 896 1420 tamen
923 1368 1009 1421 recte
1032 1358 1176 1442 gesseris,
1200 1381 1297 1444 quem
1324 1361 1425 1445 probe

470 1462 623 1528 meruisti.
670 1459 825 1545 Alioquin
841 1472 873 1523 te
889 1459 1050 1544 periculis,
1065 1472 1097 1524 et
1114 1483 1164 1524 me
1186 1460 1424 1530 detrahentium

469 1564 588 1648 linguis
603 1562 783 1648 subjectum
807 1559 846 1629 iri
870 1583 932 1624 non
953 1560 1077 1638 dubito,
1093 1583 1192 1646 quum
1212 1574 1244 1625 et
1264 1562 1423 1649 ignaviam
1515 1589 1518 1594 ’

470 1667 704 1751 Imperatorum
736 1666 839 1727 Roma
869 1684 931 1725 non
962 1662 1056 1740 ferat,
1079 1675 1112 1726 et
1143 1686 1246 1728 sermo
1274 1663 1424 1748 publicus

470 1766 586 1832 delicta
601 1764 833 1851 discipulorum
850 1763 1020 1827 refundere
1043 1764 1141 1828 soleat
1155 1766 1189 1829 in
1205 1779 1426 1855 praeceptores.

471 1867 528 1961 Sic·
540 1867 657 1929 Seneca
673 1863 809 1928 Neronis
825 1862 874 1927 sui
896 1866 1009 1927 merito
1029 1863 1266 1929 detrahentium
1284 1865 1427 1958 carpitur

469 1968 599 2053 linguis,
621 1966 869 2032 adolescentium
894 1987 1026 2029 suorum
1050 1970 1212 2031 temeritas
1226 1968 1258 2030 in
1275 1967 1425 2045 Quintili-

470 2092 566 2137 anum
582 2067 773 2145 refunditur,
789 2084 821 2132 et
839 2070 984 2132 Socrates
999 2068 1030 2131 in
1048 2068 1205 2155 pupillum
1219 2091 1314 2134 suum
1326 2072 1424 2135 fuisse

471 2170 653 2244 clementior
682 2168 878 2246 criminatur.
924 2172 975 2233 Tu
1003 2158 1079 2233 vero
1100 2169 1229 2257 quidvis
1251 2170 1425 2236 rectissime

470 2295 572 2364 geres,
588 2271 615 2334 si
631 2293 692 2334 non
706 2270 872 2345 recesseris
887 2293 906 2333 a
923 2283 954 2335 te
968 2271 1048 2356 ipso.
1095 2272 1128 2335 Si
1143 2272 1282 2357 primum
1295 2283 1327 2336 te
1341 2294 1427 2335 com-

472 2376 625 2461 posueris,
637 2375 662 2436 si
675 2386 730 2437 tua
739 2372 845 2435 omnia
854 2372 1046 2457 disposueris
1055 2372 1095 2436 ad
1104 2372 1356 2453 virtutem,recte
1367 2374 1427 2438 tibi

472 2475 643 2562 procedent
660 2474 816 2537 universa.
862 2472 1004 2538 Politicae
1019 2474 1254 2539 constitutionis
1270 2476 1425 2562 majorum

472 2578 554 2641 vires
580 2576 639 2652 tibi
668 2576 819 2662 expressi,
844 2574 896 2638 cui
922 2574 949 2636 si
978 2574 1189 2660 obtemperare,
1214 2575 1424 2640 Plutarchum

473 2679 600 2743 vivendi
610 2677 884 2741 habesauctorem.
903 2675 1057 2768 Alioquin
1065 2675 1425 2766 prasentemepistolam

472 2794 582 2847 testem
605 2782 729 2856 invoco,
753 2778 830 2865 quia
853 2776 884 2840 in
908 2777 1079 2864 perniciem
1100 2779 1224 2867 imperii
1239 2803 1300 2845 non
1315 2781 1424 2874 pergis

472 2894 602 2945 auctore
621 2878 803 2942 Plutarcho.

475 3138 553 3223 Cap.
562 3144 591 3201 2.
602 3136 688 3212 Quid
695 3132 887 3218 Respublica
893 3135 1072 3198 secundum
1078 3135 1428 3221 Plutarchumetquid

526 3240 625 3302 uicem
640 3240 760 3301 unimae
775 3238 812 3298 ia
828 3235 898 3319 ipso
913 3238 1063 3316 obtineat,
1078 3244 1139 3301 cut
1152 3240 1367 3305 membrorum.

518 3373 725 3442 Snununrun
734 3368 875 3456 ejusdem
885 3368 1023 3453 politicae
1033 3369 1427 3458 constitutioniscapitula,

474 3474 506 3536 in
523 3471 630 3537 libello
646 3470 702 3556 qui
717 3469 915 3549 inscribitur,
931 3471 1098 3534 Institutio
1120 3472 1264 3557 Trajani,
1280 3495 1354 3559 quoe
1369 3497 1428 3560 pro

474 3585 562 3656 parte
578 3572 727 3656 praesenti
743 3569 899 3655 opusculo
914 3568 1023 3633 curavi
1040 3569 1187 3649 inserere,
1201 3572 1247 3636 ita
1262 3584 1378 3651 tamen,
1392 3590 1428 3640 ut

476 3670 704 3733 sententiarum
726 3670 861 3753 vestigia
883 3669 991 3755 potius
1012 3669 1164 3745 imitarer,
1195 3694 1291 3756 quam
1318 3695 1430 3758 passus

476 3769 655 3833 verborum.
700 3773 761 3833 Est
784 3792 860 3853 ergo
882 3770 1022 3855 primum
1044 3772 1197 3851 omnium,
1226 3784 1262 3836 ut
1281 3772 1429 3860 princeps

474 3895 506 3935 se
519 3881 621 3934 totum
634 3868 794 3941 metiatur,
806 3882 836 3932 et
850 3869 936 3953 quod
950 3870 981 3932 in
993 3883 1061 3934 toto
1072 3893 1202 3958 corpore
1213 3871 1427 3958 Reipublicae,

472 3973 564 4058 cujus
587 3973 655 4033 vice
676 3970 815 4043 fruatur,
838 3969 1009 4055 diligenter
1031 3973 1187 4039 advertat.
1233 3973 1294 4037 Est
1317 3990 1425 4040 autem

473 4070 676 4156 Respublica,
692 4069 773 4138 sicut
790 4069 964 4136 Plutarcho
987 4075 1102 4158 placet,
1119 4097 1234 4159 eorpus
1253 4076 1427 4161 quoddam,

472 4174 560 4261 quod
584 4171 684 4246 divini
707 4171 846 4242 muneris
869 4172 1022 4239 beneficio
1044 4175 1215 4255 animatur,
1238 4192 1270 4251 et
1293 4200 1425 4256 summae

474 4274 633 4365 aequitatis
648 4274 755 4360 agitur
771 4286 864 4355 nutu,
880 4288 911 4338 et
923 4274 1044 4359 regitur
1060 4276 1198 4361 quodam
1214 4278 1427 4358 moderamine
