3384 5234
294 706 364 750 oar.
381 689 454 768 vn]
632 705 887 751 POLYORATIOUS.
1184 688 1246 749 989

293 857 452 942 ingressus
474 865 532 933 est,
548 869 579 919 et
595 856 774 941 appellatus
797 856 954 921 secundus
971 854 1138 929 Romulus,
1155 854 1244 938 quasi

292 959 372 1023 alter
387 958 502 1045 patriae
517 956 687 1022 conditor.
717 958 824 1023 Julius
841 959 995 1043 Hyginus
1009 958 1042 1021 in
1058 956 1141 1019 libro
1155 968 1246 1018 sexto

292 1059 410 1124 devita
425 1060 584 1145 rebusque
599 1060 736 1124 virorum
749 1059 934 1137 illustrium,
944 1058 1032 1145 quod
1047 1057 1088 1121 de
1098 1054 1247 1121 Fabricio

289 1160 444 1246 sequitur,
462 1160 570 1223 refert.
619 1162 717 1240 (Nam
737 1159 954 1245 praecedentia
969 1158 1135 1224 Plutarchi
1150 1155 1181 1220 in
1197 1158 1245 1221 in-

290 1262 455 1328 stitutione
471 1262 616 1348 Trajani,
632 1275 665 1326 et
682 1264 704 1325 ,J
709 1262 763 1325 ulii
780 1263 928 1327 Frontini
948 1266 981 1327 in
996 1262 1078 1326 libro
1092 1272 1245 1345 stratege·

292 1376 411 1427 matum
429 1368 525 1443 sunt.)
570 1368 734 1428 Venerunt
754 1387 831 1449 ergo
850 1363 987 1428 secundo
1009 1362 1103 1449 legati
1124 1362 1246 1424 Samni-

291 1478 360 1529 tum
383 1465 424 1527 ad
442 1464 479 1528 O.
497 1464 693 1541 Fabricium,
717 1465 835 1529 multas
851 1478 883 1529 et
905 1489 1036 1551 magnas
1058 1490 1108 1530 res
1129 1488 1245 1529 memo

292 1579 408 1645 rantes,
430 1590 504 1653 quae
527 1567 606 1630 bene
628 1590 665 1631 ac
686 1566 832 1631 benivole
859 1580 930 1654 post
953 1568 1109 1635 redditam
1135 1589 1243 1655 pacem

293 1668 626 1749 Samnitibusfecerat‚
636 1668 803 1733 offerentes
813 1668 897 1732 dono
905 1670 1056 1753 grandem
1067 1670 1245 1757 pecuniam,

292 1784 323 1834 et
339 1782 464 1835 orantes
479 1784 515 1834 ut
531 1792 599 1833 earn
616 1771 771 1854 acciperet
787 1781 818 1833 et
831 1782 986 1847 uteretur,
996 1795 1034 1835 eo
1046 1770 1132 1857 quod
1144 1770 1247 1834 multa

293 1871 332 1935 ad
357 1872 573 1936 necessitatem
598 1871 713 1948 victus,
740 1883 772 1935 et
797 1871 994 1957 splendorem
1019 1872 1132 1937 domus
1157 1885 1247 1937 tanto

294 1973 363 2036 viro
376 1972 482 2036 deesse
491 1985 657 2037 constaret.
693 1971 781 2036 Nihil
791 1973 873 2035 enim
885 1974 1022 2053 lautum,
1034 1987 1247 2060 paratumque

293 2086 361 2137 erat
384 2096 442 2159 pro
464 2071 676 2159 amplitudine
700 2072 849 2151 hominis,
871 2084 904 2135 et
926 2072 1083 2159 dignitate
1106 2073 1245 2137 virtutis.

295 2176 459 2240 Fabricius
475 2199 550 2239 vero
564 2176 675 2263 planas
691 2198 802 2241 manus
816 2176 858 2239 ab
877 2177 1009 2241 auribus
1023 2190 1055 2241 et
1070 2176 1111 2239 ad
1127 2177 1245 2251 oculos,

290 2292 321 2343 et
339 2280 432 2357 infra,
449 2292 481 2344 et
501 2280 649 2366 deinceps
667 2280 707 2344 ad
728 2302 830 2356 nares,
846 2279 933 2344 etad
955 2304 1000 2355 os,
1017 2294 1048 2344 et
1070 2279 1110 2365 ad
1125 2280 1248 2365 gulam,

291 2394 322 2444 et
346 2380 460 2446 deinde
483 2381 524 2443 ad
547 2394 689 2445 ventrem
713 2380 841 2455 etima,
865 2378 1012 2453 deduxit,
1027 2392 1060 2444 et
1081 2379 1194 2463 legatis
1213 2382 1247 2445 in

292 2482 361 2546 haec
388 2482 484 2545 verba
508 2481 697 2567 respondit:
726 2484 815 2544 Dum
839 2480 987 2544 omnibus
1010 2481 1061 2543 his
1085 2482 1246 2560 membris,

294 2604 367 2665 quae
385 2581 488 2662 attigi,
502 2582 645 2644 resistere
661 2592 757 2664 atque
769 2579 924 2661 imperare
939 2592 1062 2665 potero,
1074 2580 1152 2643 mihi
1167 2581 1247 2645 nihil

292 2682 420 2744 omnino
431 2681 542 2758 deerit,
551 2681 688 2766 ideoque
699 2680 955 2743 vobisreservate
966 2680 1130 2764 pecuniam
1141 2703 1247 2746 neces·

293 2782 404 2844 sariam
424 2781 534 2845 usibus
554 2780 678 2861 vestris,
694 2804 751 2845 nec
770 2789 839 2845 earn
855 2781 975 2868 quibus
995 2782 1177 2862 necessaria,
1190 2795 1247 2846 aut

294 2895 383 2965 grata
420 2905 481 2946 non
517 2898 576 2963 est,
612 2884 773 2969 ingeratis.
819 2886 955 2949 Romani
990 2883 1148 2971 siquidem
1183 2907 1246 2948 non

292 2995 405 3048 curant
416 2984 534 3049 habere
551 3007 674 3062 aurum,
687 2985 744 3049 sed
758 2983 917 3070 imperare
929 2985 1040 3050 volunt
1054 2985 1247 3051 habentibus

292 3108 416 3152 aurum.
457 3090 531 3151 Hoc
545 3087 650 3153 Julius
668 3086 824 3175 Hyginus.
863 3087 1034 3153 Frontinus
1049 3109 1124 3152 vero
1139 3089 1246 3164 refert,

292 3189 377 3275 quod
390 3189 431 3253 ad
445 3188 627 3254 Fabricium
639 3190 754 3254 ducem
767 3190 997 3268 Romanorum,
1011 3190 1154 3255 medicus
1168 3191 1247 3277 Pyr·

293 3292 342 3355 rhi
359 3292 562 3378 Epirotarum
585 3293 667 3379 regis
686 3293 841 3379 pervenit,
858 3293 1017 3379 pollicitus
1036 3316 1070 3358 se
1086 3316 1245 3359 venenum

292 3395 442 3459 daturum
461 3395 591 3483 Pyrrho,
607 3397 684 3461 dum
700 3418 823 3461 merces
836 3395 897 3460 sibi
919 3396 951 3460 in
968 3418 1032 3483 qua
1054 3419 1160 3482 operae
1175 3420 1247 3484 pre·

292 3496 373 3560 tium
399 3498 490 3575 foret,
517 3499 771 3564 constitueretur.
815 3498 890 3574 Quo
914 3499 1053 3563 facinore
1082 3499 1246 3564 Fabricius

292 3622 386 3684 egere
408 3600 571 3665 victoriam
593 3624 683 3667 suam
703 3624 767 3665 non
790 3601 971 3678 arbitratus,
994 3599 1061 3687 regi
1084 3602 1246 3666 medicum

291 3699 421 3765 detexit.
469 3702 579 3787 Atque
594 3723 632 3765 ea
646 3701 710 3766 fide
731 3702 858 3780 meruit,
876 3714 912 3767 ut
932 3704 972 3767 ad
988 3702 1161 3768 amicitiam
1182 3704 1246 3768 uo-

292 3826 459 3868 manorum
481 3806 706 3891 appetendam,
726 3807 933 3894 compelleret
955 3807 1123 3893 Pyrrhum.
1161 3814 1245 3875 Pace

294 3927 366 3968 mea
396 3905 562 3970 decertent
590 3907 622 3971 in
650 3929 725 3972 casu
749 3908 810 3974 isto
837 3908 985 3973 Valerius
1012 3908 1185 3986 Maximus,
1213 3923 1272 3975 et*

294 4006 448 4072 Claudius
472 4008 712 4093 Quadrigarius,
737 4013 967 4078 contendentes
989 4014 1030 4076 de
1056 4013 1185 4077 nomine
1212 4027 1246 4079 et

291 4107 393 4172 officio
408 4111 585 4194 proditoris.
631 4114 685 4176 An
703 4114 911 4179 Timochares
925 4114 1022 4178 luerit
1038 4116 1133 4199 juxta
1147 4116 1246 4180 Vale·

294 4207 375 4271 rium
392 4221 483 4293 pater
504 4212 599 4288 illius,
616 4213 671 4299 qui
687 4212 729 4277 in¹
742 4216 825 4299 regis
841 4215 985 4280 convivio
1006 4216 1121 4298 pocula
1135 4216 1245 4281 minis·

292 4308 406 4386 trabat,
423 4333 463 4374 an
487 4313 662 4378 secundnm
687 4314 936 4399 Quadrigarium
961 4316 1070 4381 Nicias
1091 4318 1245 4400 medicus,

335 4433 406 4477 von.
423 4435 473 4478 111.
770 4440 792 4482 u
