3384 5234
375 662 445 707 etr.
462 644 548 722 xm]
742 660 996 705 ronronarrous.
1288 645 1326 702 81

373 812 525 877 Ninivitae
562 834 690 897 quoque
731 811 893 895 signorum
931 809 1067 885 indiciis,
1105 808 1324 894 poenitentiam

371 925 505 998 egerunt
528 914 560 976 in
584 911 812 998 praedicatione
834 912 938 973 Jonae.
986 908 1165 973 Infidelitas
1187 931 1326 994 namque

371 1016 532 1101 signorum
554 1014 751 1099 argumentis
774 1012 927 1096 exigitur,
943 1025 975 1075 et
991 1010 1070 1074 fides
1086 1024 1193 1075 tenera
1208 1010 1326 1073 eisdem

372 1120 552 1179 roboratur.
591 1114 687 1181 Unde
701 1112 794 1191 illud,
806 1112 899 1186 Quod
917 1115 1042 1195 signum
1058 1111 1199 1175 ostendis
1214 1112 1325 1175 nobis?

373 1232 403 1281 et
420 1218 442 1279 J
444 1217 529 1281 udaei
545 1217 635 1302 signa
651 1226 813 1301 quaerunt,
830 1213 937 1277 Graeci
955 1212 1152 1300 sapientiam.

518 1512 596 1595 Cap.
617 1516 664 1575 14.
690 1510 776 1584 Quid
789 1510 930 1589 sapatum,
947 1514 978 1569 et
992 1508 1031 1569 de
1044 1510 1172 1569 somnio.

419 1670 488 1731 Hto
511 1690 584 1730 vero
606 1667 830 1752 intelliguntur
855 1665 956 1749 signa,
981 1687 1183 1749 quaecunque
1210 1669 1324 1750 quovis

375 1768 492 1832 indicio
521 1769 659 1832 divinam
683 1769 803 1833 homini
828 1769 967 1832 innuunt
995 1767 1201 1832 voluntatem.
1255 1771 1324 1854 Sig-

373 1890 450 1931 num
474 1868 628 1954 siquidem
651 1881 709 1943 est,
733 1869 821 1954 quod
844 1868 980 1953 seipsum
1006 1866 1125 1943 sensui,
1147 1882 1179 1932 et
1205 1881 1323 1954 praeter

374 1992 407 2032 se
430 1970 551 2056 aliquid
581 1970 685 2035 animo
709 1969 859 2035 ostendit.
914 1968 1067 2046 Quaedam
1098 1982 1202 2033 tamen
1233 1973 1325 2055 signa

371 2086 454 2148 sunt,
463 2072 622 2158 quaenulli
628 2071 837 2158 corporalium
849 2094 996 2135 sensuum
1008 2071 1128 2156 aliquid
1136 2073 1322 2149 ostendunt,

373 2176 427 2239 sed
442 2175 546 2239 animo
562 2176 784 2260 cujuscunque
805 2174 850 2236 rei
866 2174 969 2259 specie
985 2174 1156 2249 mediante,
1172 2188 1228 2239 aut
1243 2176 1324 2239 citra

371 2278 466 2342 medii
482 2277 715 2353 difficultatem,
731 2297 841 2339 verum
863 2274 1018 2337 falsumve
1038 2276 1223 2361 frequenter
1238 2276 1325 2362 inge.

370 2395 454 2445 runt.
505 2381 604 2463 Signa
625 2378 741 2442 etenim
764 2376 926 2441 interdum
949 2399 1035 2454 vera,
1057 2378 1219 2442 interdum
1243 2378 1322 2442 falsa

370 2494 453 2547 sunt.
499 2481 577 2559 Quis
601 2480 701 2544 nescit
726 2478 919 2543 somniorum
947 2479 1050 2542 varias
1075 2503 1142 2542 esse
1166 2480 1322 2564 significa-

369 2585 481 2658 tiones,
497 2606 578 2668 quas
598 2594 630 2645 et
652 2604 728 2645 usus
748 2580 918 2666 approbat,
934 2593 966 2644 et
982 2582 1138 2666 majorum
1153 2584 1321 2645 confirmat

369 2684 563 2749 auctoritas?
603 2684 643 2746 In
659 2682 703 2745 eis
726 2682 839 2767 utique
860 2684 1013 2768 quoniam
1034 2697 1161 2746 somnus
1175 2694 1236 2758 est,
1255 2682 1321 2745 ani-

368 2784 464 2848 males
484 2786 631 2861 virtutes,
653 2784 770 2849 scilicet
789 2807 910 2859 sensus,
933 2785 986 2869 qui
1010 2784 1162 2849 dicuntur
1181 2788 1322 2871 corporis

370 2899 402 2950 et
418 2901 491 2951 sunt
506 2889 631 2967 animae,
644 2889 830 2974 quiescunt3
854 2887 907 2951 sed
925 2888 1085 2951 naturales
1099 2887 1319 2953 intenduntur.

370 2989 537 3075 Contingit
559 2991 685 3054 interim
710 3003 746 3054 ut
769 2991 894 3053 animus
909 2990 1050 3076 corporis
1073 2990 1223 3053 exercitio
1246 2990 1323 3052 rele-

369 3105 474 3173 vatus,
493 3096 525 3155 in
549 3095 684 3178 seipsum
709 3093 839 3157 liberius
861 3092 982 3171 redeat,
1000 3105 1030 3156 et
1048 3093 1213 3156 veritatem
1237 3115 1321 3156 nunc

369 3215 426 3279 per
442 3194 561 3277 figuras
576 3205 609 3257 et
632 3194 813 3279 aenigmata,
829 3215 914 3256 nunc
934 3192 1118 3257 immediata
1131 3193 1211 3256 facie
1226 3193 1321 3256 licen·

368 3294 433 3358 tius
462 3293 704 3380 contempletur.
751 3294 844 3372 Quod
872 3307 903 3358 et
929 3294 1019 3357 illum
1046 3318 1108 3357 non
1135 3294 1240 3373 latuit,
1263 3296 1319 3380 qui

368 3396 469 3459 somni
491 3396 665 3482 depingens
685 3408 804 3481 portas,
826 3396 956 3459 alteram
978 3396 1160 3470 eburneam,
1186 3396 1318 3460 alteram

367 3519 512 3562 corneam
523 3497 627 3561 finxit.
667 3499 776 3574 Quum
788 3510 819 3561 et
831 3520 930 3562 cornu
946 3497 986 3562 sit
998 3498 1142 3585 pervium
1156 3499 1249 3575 visui,
1262 3499 1320 3584 qui

365 3623 429 3663 non
460 3600 642 3683 frequenter
669 3614 765 3677 errat,
789 3613 819 3664 et
848 3599 929 3664 ebur
952 3614 1076 3665 naturae
1100 3601 1264 3681 densioriS,
1288 3619 1320 3670 et

367 3725 469 3787 usque
492 3701 534 3765 ad
563 3715 737 3766 extremam
765 3701 951 3766 tenuitatem
979 3724 1096 3777 rasum,
1120 3704 1208 3768 nullo
1233 3707 1320 3771 visus

366 3804 509 3867 acumine
539 3817 731 3890 penetretur.
785 3805 857 3866 Hoc
887 3803 1018 3892 quidem
1047 3803 1208 3882 dentibus,
1238 3807 1317 3871 illud

366 3905 466 3968 oculis
495 3903 672 3968 verioribus
702 3902 836 3968 similius
865 3917 921 3967 est.
969 3903 1054 3966 Hinc
1085 3927 1157 3968 vera
1187 3908 1319 3984 somnia,

365 4005 542 4081 hincfalsa,

572 4122 606 4175 ad
619 4120 713 4174 aoelum
725 4123 833 4176 mittunt
844 4122 972 4174 insomnia
983 4139 1081 4175 manes.

407 4412 479 4457 VOL.
495 4413 546 4457 111.
