3384 5234
365 657 429 717 822
629 664 765 711 rasurus
781 662 1057 709 saansaenrnusrs
1193 643 1278 723 [ms.
1295 665 1328 710 v.

367 823 439 885 risu
453 827 608 884 nocentes
622 827 708 895 sunt,
722 818 865 901 pupillas
887 818 920 880 iu
938 816 1072 897 singulis
1087 816 1191 880 oculis
1205 816 1330 881 habere

369 922 472 984 binas.
516 918 728 1001 Apollonides
764 936 893 1002 quoque
926 916 1086 999 perhibet,
1120 916 1155 980 in
1191 917 1331 1001 Scythia

369 1021 461 1085 nasci
483 1020 641 1096 soeminas,
662 1040 735 1103 quae
758 1019 875 1081 Bithiae
898 1029 1062 1096 vocantur,
1083 1028 1115 1082 et
1136 1018 1269 1082 easdem
1290 1020 1329 1081 in

370 1122 473 1187 oculis
497 1120 591 1183 binas
615 1119 735 1183 habere
760 1120 911 1204 pupillas,
936 1128 969 1182 et
994 1120 1149 1202 perimere
1175 1121 1204 1183 si
1229 1142 1330 1204 quem

369 1227 440 1290 risu
462 1226 541 1287 forte
562 1223 650 1286 iratae
672 1222 865 1304 aspexerint.
910 1223 1032 1285 Vereor
1052 1242 1093 1284 ne
1116 1222 1168 1286 his
1194 1222 1328 1303 cognati

371 1327 436 1389 sint
451 1325 580 1410 jndices
598 1323 757 1387 iracundi.
802 1323 951 1387 Tradunt
973 1323 1068 1387 etiam
1084 1324 1329 1405 Physiognomi‚

371 1427 498 1511 eosqui
519 1426 641 1489 habent
660 1426 773 1489 oculos
793 1427 986 1502 maculosos,
1002 1425 1043 1489 ad
1058 1427 1235 1511 nequitiam
1253 1446 1329 1510 pro-

371 1529 488 1591 niores.
534 1529 615 1600 Quae
639 1547 712 1589 vero
736 1526 776 1589 de
792 1526 994 1610 praesidibus,
1010 1527 1141 1611 aliisque
1159 1526 1330 1611 judicibus

372 1630 461 1694 dicta
475 1639 560 1706 sunt,
571 1629 691 1691 debent
702 1640 735 1691 et
750 1628 837 1711 apud
847 1630 1066 1711 proconsules,
1078 1650 1159 1713 quos
1170 1637 1331 1692 nostrates

371 1731 542 1812 vulgariter
560 1729 672 1793 dicunt
689 1748 857 1792 Jusrrrrns
878 1750 947 1792 esse
967 1747 1156 1806 uenturas,
1171 1729 1329 1793 obtinere.

371 1833 417 1895 Et
438 1852 556 1894 nomen
579 1829 708 1913 quidem
730 1830 856 1904 erroris,
877 1830 934 1892 etsi
957 1851 1024 1892 non
1047 1829 1166 1903 officio,
1182 1827 1331 1912 personis

371 1942 479 1994 tamen
508 1952 618 1994 eorum
650 1930 811 2003 convenit,
838 1931 894 2015 qui
918 1941 1031 1993 euntes
1056 1941 1130 2013 post
1156 1930 1328 2013 concupis·

372 2032 497 2095 centias
522 2052 606 2109 suas,
632 2033 665 2093 in
693 2042 816 2095 sectatu
845 2031 997 2105 avaritiae,
1023 2039 1057 2095 et
1086 2030 1330 2115 depraedatione

371 2132 585 2216 popularium,
609 2154 628 2194 a
651 2133 775 2195 tramite
803 2134 965 2215 aequitatis
991 2134 1147 2197 aberrant.
1193 2133 1331 2196 Debent

372 2246 479 2297 autem
506 2232 613 2294 officia
638 2232 780 2294 omnium
805 2255 875 2296 esse
901 2235 1049 2315 gratuita,
1074 2247 1110 2298 ut
1134 2234 1215 2297 nihil
1245 2235 1331 2296 ultra

372 2343 524 2399 statutum
539 2333 696 2415 exigatur,
709 2333 766 2396 sed
782 2355 842 2397 nec
858 2335 1037 2419 recipiatur.
1075 2334 1141 2401 Sed
1153 2336 1233 2399 forte
1248 2331 1330 2419 quid

372 2444 526 2499 statutum
544 2434 595 2513 sit,
614 2435 739 2519 quaeris.
784 2437 958 2500 Plebiscito
983 2439 1175 2516 continetur,
1195 2436 1331 2521 nequis

373 2534 548 2619 praesidum
568 2556 685 2599 munus
705 2534 865 2599 donumve
889 2547 1030 2619 caperet,
1046 2538 1108 2602 nisi
1127 2539 1330 2601 esculentum

373 2634 631 2717 poculentumve,
646 2640 678 2695 et
692 2631 727 2694 id
743 2633 875 2715 quidem
890 2635 971 2697 intra
986 2633 1056 2698 dies
1073 2635 1239 2717 proximos
1253 2655 1329 2718 pro-

373 2734 509 2817 digatur.
555 2732 650 2806 Quod
676 2745 708 2797 et
736 2734 777 2796 ad
807 2737 1026 2817 proconsules,
1054 2737 1197 2821 aliosque
1226 2736 1329 2817 magi·

375 2846 491 2899 stratus
512 2857 553 2898 ex
574 2834 725 2897 mandato
749 2833 909 2919 Principis
930 2838 1056 2901 transit.
1102 2840 1177 2901 Non
1198 2837 1330 2901 veroin

374 2947 478 3001 toturn
494 2934 614 2998 debent
628 2932 735 2998 xeniis
750 2935 921 3016 abstinere,
938 2938 995 3001 sed
1017 2938 1147 3001 modurn
1166 2939 1330 3003 adhibere.

376 3040 424 3102 Ut
438 3060 512 3102 vero
527 3059 588 3100 nec
607 3037 641 3099 in
661 3046 765 3100 totum
786 3037 980 3118 abstineant,
996 3062 1056 3104 nec
1080 3063 1173 3105 avare
1195 3041 1329 3105 modurn

375 3140 544 3203 xeniorum
573 3137 747 3213 excedent,
780 3138 882 3202 Divus
912 3141 1057 3219 Severus,
1085 3153 1117 3206 et
1149 3144 1232 3225 Imp.
1261 3144 1330 3205 An-

374 3241 506 3307 toninus
520 3238 753 3319 elegantissime
769 3250 843 3302 sunt
858 3241 996 3323 epistola
1011 3243 1173 3307 moderati.
1224 3243 1328 3329 Cujus

375 3342 520 3426 epistolae
530 3340 628 3403 verba
640 3350 715 3404 sunt
729 3340 816 3403 ha'ec:
840 3341 1004 3412 Quantum
1020 3343 1061 3407 ad
1070 3344 1168 3409 xenia
1178 3344 1330 3427 pertinet,

375 3443 452 3507 audi
482 3442 570 3527 quod
599 3442 759 3506 sentimus.
813 3444 914 3507 Vetus
938 3447 1139 3528 proverbium
1168 3458 1226 3521 est,
1254 3448 1329 3512 Nec

375 3544 494 3620 omnia,
519 3565 580 3606 nec
606 3564 740 3626 semper,
764 3565 825 3608 nec
852 3547 893 3607 ab
920 3549 1078 3611 omnibus.
1123 3551 1209 3612 Nam
1235 3549 1328 3614 valde

374 3642 585 3706 inhumanum
606 3657 665 3721 est,
680 3666 699 3707 a
717 3647 844 3709 nemine
868 3649 1034 3730 accipere3
1056 3649 1113 3712 sed
1134 3650 1264 3732 passim,
1280 3651 1327 3713 vi·

372 3742 550 3819 lissimum3
574 3754 606 3805 et
620 3766 677 3825 per
697 3747 816 3822 omnia,
831 3748 1057 3811 avarissimum.
1102 3749 1198 3819 Quod
1218 3759 1326 3815 autem

374 3840 534 3907 mandatis
549 3842 738 3918 continetur,
753 3866 794 3905 ue
815 3844 946 3906 domum
968 3848 1016 3908 vel
1033 3868 1147 3909 munus
1161 3847 1231 3930 ipse
1246 3848 1326 3913 Pro-

375 3942 496 4017 consul,
518 3942 567 4003 rel
591 3940 646 4022 qui
667 3941 700 4002 in
724 3942 787 4004 alio
811 3942 918 4005 officio
941 3946 1010 4020 erit,
1031 3946 1180 4028 accipiat,
1202 3959 1326 4015 ematve

374 4044 462 4131 quid,
487 4043 550 4107 nisi
574 4042 677 4107 victus
706 4042 883 4128 quotidiani
911 4066 1017 4123 causa,
1045 4049 1133 4133 quod
1163 4052 1205 4115 ad
1228 4054 1328 4117 xenia

366 4152 435 4236 jam
455 4168 521 4210 non
535 4147 686 4230 pertinet,
701 4145 758 4211 sed
774 4147 816 4212 ad
832 4169 871 4213 ea
885 4169 956 4233 quae
972 4152 1149 4218 eduliorum
1166 4155 1327 4219 excedant

371 4272 473 4317 usum.
512 4249 576 4314 Sed
591 4270 651 4315 nec
666 4251 765 4316 xenia
780 4251 989 4335 producenda
1003 4267 1088 4334 sunt,
1099 4256 1141 4320 ad
1156 4278 1325 4322 munerum
