3384 5234
306 676 376 727 css.
392 668 477 746 xm]
653 678 906 733 rosvensrrous'.
1192 676 1256 736 209

306 832 443 898 maxime
465 834 567 899 elucet
590 836 761 922 prudentia
784 849 851 911 tua,
874 836 960 922 quod
984 835 1036 900 isti
1058 836 1197 902 nondum
1222 851 1253 903 te

304 936 432 998 omnino
447 936 592 1001 insanum
608 938 826 1015 reddiderunt,
842 938 899 1023 qui
917 951 951 1003 ut
968 937 1026 1003 tibi
1046 938 1256 1023 applaudant,

306 1055 367 1097 non
384 1038 478 1101 modo
497 1038 577 1113 Diis,
595 1038 648 1102 sed
674 1039 732 1103 tibi
758 1039 829 1125 ipsi,
842 1052 875 1104 et
894 1039 1016 1125 populo
1036 1039 1185 1125 injuriam
1207 1040 1255 1104 fa·

305 1136 404 1202 ciunt.
450 1143 591 1205 Deorum
608 1141 764 1226 siquidem
784 1140 935 1206 minuunt
956 1142 1175 1224 reverentiam,
1189 1166 1255 1227 quo

247 1239 259 1258 ⁸
306 1239 471 1322 parificant
493 1240 562 1306 tibi.
606 1246 653 1308 Te
675 1255 813 1327 arguunt
835 1241 1034 1328 insipientiae,
1049 1241 1126 1305 dum
1148 1242 1256 1306 condi-

307 1339 401 1403 tionis
424 1356 490 1406 tuae
516 1357 714 1430 repugnante
736 1356 862 1420 natura,
886 1355 918 1407 te
940 1366 1046 1429 parem
1071 1344 1255 1408 numinibus

306 1461 375 1503 esse
412 1444 602 1526 persuadere
631 1456 838 1530 praesumunt.
899 1447 987 1508 Nota
1023 1443 1257 1530 superstitionis
1327 1463 1329 1466 ·

306 1540 440 1605 inurunt
453 1544 619 1630 populum,
631 1548 684 1608 cui
696 1543 843 1607 mortales
859 1546 945 1607 Deos
956 1566 1015 1628 pro
1026 1544 1257 1609 immortalibus

307 1643 498 1727 persuadent
514 1669 579 1708 esse
594 1645 749 1709 colendos.
789 1646 870 1707 Sane
885 1644 917 1707 in
930 1668 967 1707 eo
979 1644 1097 1729 aliquid
1111 1645 1256 1708 divinum

309 1743 368 1809 tibi
391 1743 490 1809 inesse
511 1746 712 1823 monstrabis,
737 1747 762 1810 si
782 1768 890 1809 omnes
911 1746 999 1825 istos,
1017 1746 1074 1831 qui
1095 1746 1257 1811 divinitati

309 1858 375 1910 tuae
387 1844 605 1910 fraudulenter
616 1845 828 1933 applaudunt,
837 1844 905 1929 rapi
916 1843 1026 1908 feceris
1037 1844 1076 1908 ad
1090 1857 1259 1910 tormenta.

311 1945 392 2020 Quis
406 1946 488 2009 enim
513 1948 654 2012 Deorum
671 1947 700 2011 ei
723 1957 843 2032 parcat,
859 1968 958 2031 aquo
973 1968 1005 2008 se
1026 1944 1196 2028 deceptum
1220 1946 1258 2009 iri

309 2047 481 2131 intelligit?
511 2048 593 2123 Quis
608 2071 669 2112 non
685 2049 786 2112 irruat
802 2048 833 2110 in
853 2070 937 2127 eum,
953 2047 1010 2132 qui
1032 2069 1145 2111 aureos
1166 2046 1259 2110 Jovis

309 2148 419 2212 oculos
434 2149 528 2229 eruit,
544 2161 599 2213 aut
614 2161 747 2234 argento
768 2146 967 2233 gemmisque
981 2147 1115 2211 sublatis
1129 2151 1258 2212 Vestam

310 2248 424 2312 nititur
452 2253 635 2314 excaecare?
675 2248 754 2325 Quis
776 2248 817 2311 de
847 2249 965 2312 Martis
985 2248 1090 2332 capite
1112 2246 1260 2311 adaman·

311 2350 412 2415 tinum
441 2350 547 2414 lumen
573 2352 706 2436 impune
736 2348 910 2413 temerariis
937 2347 1046 2412 effodit
1077 2348 1262 2434 unguibus?

311 2452 435 2536 Nempe
458 2454 545 2515 Deos
561 2449 744 2525 invisibiles,
760 2462 792 2513 ct
814 2448 1007 2512 immortales
1022 2448 1260 2526 circumvenire,

311 2565 343 2617 et
358 2554 402 2616 eis
419 2551 552 2615 fallaciae
574 2573 686 2635 parare
700 2550 841 2630 insidias,
856 2548 1011 2635 gravioris
1031 2549 1136 2633 culpae
1150 2562 1207 2624 est,
1224 2573 1262 2613 co

311 2653 400 2739 quod
415 2653 456 2716 ab
471 2653 521 2715 his
535 2651 706 2716 visibilium
723 2654 866 2716 Deorum
881 2649 1003 2713 fabrica
1018 2661 1214 2714 sustentatur
1229 2662 1261 2714 et

312 2754 445 2838 regitur,
460 2767 491 2817 et
507 2755 656 2817 honorem
674 2766 729 2817 aut
755 2764 973 2837 contemptum
998 2751 1055 2838 qui
1078 2750 1148 2814 istis
1169 2751 1261 2815 exhi·

311 2855 418 2931 betur,
441 2853 487 2917 illi
510 2866 723 2918 remunerant.
769 2854 800 2916 Si
825 2857 909 2937 sapis
932 2876 1020 2937 ergo,
1049 2854 1207 2936 Auguste,
1228 2852 1261 2915 in

313 2955 455 3019 Deorum
480 2955 586 3018 hostes
609 2954 764 3038 insurges,
787 2965 818 3016 et
843 2966 886 3029 te,
903 2955 929 3016 si
953 2975 1015 3016 uon
1040 2957 1156 3025 Deum,
1173 2952 1262 3037 quod

313 3079 514 3143 nequaquam
532 3078 576 3131 es,
593 3056 642 3118 vel
667 3058 811 3119 Deorum
828 3066 860 3117 te
875 3053 1003 3118 docebis
1017 3076 1083 3116 esse
1098 3054 1263 3133 cultorem,

311 3160 338 3224 si
356 3160 539 3246 deceptores
562 3156 639 3221 istos
663 3154 933 3234 exterminaveris,
947 3168 1155 3219 excaecatores
1178 3167 1261 3228 tuos,

312 3266 452 3326 Deorum
463 3272 708 3344 contemptores,
718 3271 750 3322 et
760 3270 969 3341 utrorumque
978 3256 1126 3341 injuriam
1138 3259 1261 3342 punias.

313 3364 395 3427 Haec
411 3360 570 3426 Caecilius
616 3360 728 3424 Factio
744 3373 849 3423 tamen
865 3358 1065 3422 adulatorum
1082 3356 1262 3442 praevaluit,

312 3464 400 3549 quod
426 3474 458 3525 et
487 3462 690 3547 praesentium
718 3482 823 3525 rerum
850 3458 990 3523 declarat
1016 3471 1126 3522 status.
1172 3458 1262 3523 Adeo

313 3564 454 3649 quidem,
480 3576 515 3628 ut
539 3564 564 3627 si
592 3567 663 3649 quis
689 3561 891 3649 popularium
919 3560 1082 3624 modestiae
1108 3561 1261 3637 conscius,

311 3664 532 3730 assentationis
557 3677 589 3728 et
616 3663 816 3727 scurrilitatis
840 3661 918 3726 vitio
942 3661 1113 3725 crediderit
1143 3673 1262 3747 tempe-

310 3770 457 3843 randum,
475 3769 580 3831 hostes
594 3766 734 3829 felicium
751 3778 916 3828 censeatur
936 3781 993 3828 aut
1014 3762 1153 3828 invidus.
1197 3768 1262 3829 Eo-

311 3893 380 3934 rum
394 3870 550 3955 siquidem
563 3890 653 3931 aures
665 3879 782 3930 tenerae
797 3875 883 3939 sunt,
896 3879 928 3928 et
939 3866 1006 3949 jam
1022 3864 1261 3929 obsurduerunt

312 3994 397 4048 vero,
410 3984 442 4035 ct
457 3970 599 4054 linguam
615 3966 802 4031 severiorem
819 3965 885 4027 sine
899 3964 1070 4029 offensione
1080 3965 1264 4049 gravissima

312 4094 373 4135 non
390 4072 577 4134 admittunt.
623 4072 661 4132 In
683 4091 748 4152 quo
764 4076 919 4151 quantum
937 4088 955 4127 a
970 4066 1090 4129 virtute
1105 4066 1261 4150 majorum

314 4185 392 4235 aetas
405 4185 513 4235 nostra
527 4169 774 4253 degeneraverit,
788 4164 990 4252 perspicuum
1006 4177 1065 4239 est,
1078 4187 1178 4247 quum
1196 4166 1263 4227 sine

314 4270 466 4357 patientia
487 4279 543 4333 aut
570 4267 706 4343 nullum,
727 4279 782 4331 aut
805 4285 912 4327 rarum
935 4285 1003 4325 esse
1028 4283 1109 4346 opus
1133 4262 1261 4326 virtutis

360 4387 432 4433 von.
452 4389 503 4433 111.
784 4385 804 4428 Ρ
