3384 5234
737 767 962 814 nnnnnncus.

416 918 553 1005 Hispida
567 918 722 995 cesaries,
738 919 839 985 barbe
854 917 954 982 recisa
968 938 1092 1003 parum.

369 1019 481 1107 Sitque
495 1020 600 1105 gravis
614 1019 733 1100 vultus,
748 1020 812 1084 sint
826 1018 913 1083 lrous
926 1017 1076 1106 oculique
1092 1017 1212 1103 pudici,

412 1122 623 1209 lnsoutesque
638 1145 763 1197 manus,
780 1143 902 1207 pauper
916 1120 1052 1185 amictus
1066 1121 1136 1186 eric

368 1223 455 1289 Dum
472 1224 531 1290 tibi
547 1224 724 1289 conductus
739 1224 845 1301 luerit,
861 1223 1001 1288 securior
1015 1222 1087 1299 ibis,

412 1325 455 1390 Et
469 1327 520 1391 vie
534 1325 576 1391 sit
590 1325 727 1411 pedibus
741 1323 896 1411 quaelibet
910 1336 986 1409 apta
1000 1323 1072 1390 tuis.

369 1428 415 1494 At
429 1430 455 1492 si
471 1427 620 1503 defuerit,
635 1427 746 1512 longas
760 1426 916 1511 protende
930 1425 1053 1506 diaetas,

412 1529 650 1615 Contineetque
665 1528 762 1615 pedes
777 1527 908 1613 publica
922 1538 1021 1591 strata
1035 1539 1116 1593 tuos.

371 1630 539 1717 Nusquam
555 1630 703 1710 divertas,
717 1651 758 1693 ne
773 1629 845 1716 quis
860 1641 893 1693 te
907 1627 1006 1693 loedet
1019 1641 1161 1695 euntem.

415 1732 648 1819 Nugarumque
662 1730 730 1796 luat
743 1730 872 1816 garrula
886 1729 997 1813 lingua
1012 1741 1111 1796 notes.

370 1833 500 1909 Omnia,
517 1833 543 1897 si
559 1833 669 1914 nescis,
684 1832 755 1897 loca
769 1843 843 1896 sunt
859 1829 1041 1917 plenissima
1056 1830 1165 1915 augin

416 1935 562 2009 Quarum
578 1944 644 2000 tota
659 1933 770 1999 cohors
785 1945 833 1998 est
848 1931 977 1996 inimica
991 1931 1061 1999 tibi.

371 2036 514 2105 Ecclesia
529 2058 625 2122 nugae
640 2049 786 2121 regnant,
801 2046 835 2099 et
850 2034 1001 2121 principis
1015 2034 1106 2111 aula3

411 2139 449 2203 ln
465 2139 604 2205 claustro
620 2150 766 2223 regnent,
782 2137 1004 2224 pontificisque
1019 2137 1124 2203 domo.

369 2242 408 2312 Iu
423 2242 515 2326 nugis
530 2241 646 2323 clerus,
662 2242 695 2305 in
710 2241 804 2325 nugis
819 2240 930 2305 militis
945 2261 1037 2317 usus;

408 2343 447 2407 ln
463 2345 556 2428 nugis
567 2345 718 2429 juvenes,
735 2356 865 2429 totaque
881 2342 977 2407 turba
991 2363 1115 2408 senum.

367 2446 516 2511 Rusticus
533 2446 567 2510 in
584 2446 687 2531 nugis,
702 2446 736 2510 in
752 2445 846 2531 nugis
860 2467 954 2510 sexus
969 2457 1103 2531 uterque
1116 2472 1124 2523 ;

412 2551 540 2630 Servus,
556 2561 590 2615 et
604 2551 774 2635 ingenuus,
791 2550 890 2627 dives,
907 2571 1038 2634 egenus,
1053 2549 1085 2612 in
1101 2548 1159 2614 bis.

368 2651 523 2720 Accelera
538 2674 675 2737 gressus,
692 2664 786 2717 cauto
800 2652 976 2737 diplomate
992 2673 1127 2738 pergens

410 2754 463 2818 Ad
477 2777 579 2835 mare,
594 2776 659 2841 quo
676 2753 797 2819 Morini
812 2753 920 2819 littora
935 2766 1042 2818 nostra
1057 2764 1181 2839 petunt.

370 2858 554 2945 Hospitium
572 2860 702 2924 taudem
718 2881 789 2924 sera
805 2882 878 2923 cum
895 2871 988 2923 nocte
1002 2858 1136 2939 subibis,

410 2960 458 3023 Ut
473 2960 589 3039 valeas,
605 2973 673 3026 esto
688 2961 822 3039 sobrius,
839 2972 907 3027 esto
921 2961 1034 3045 gravis.

368 3062 457 3127 Gens
470 3064 668 3149 penetranda
677 3064 747 3141 tibi,
761 3063 927 3149 proelarge,
939 3063 1111 3147 bibaxque,
1123 3059 1318 3147 loquaxque,

408 3164 452 3229 Er
465 3165 529 3243 cui,
546 3165 579 3230 ni
594 3188 716 3231 morem
733 3166 879 3251 gesseris,
894 3164 992 3230 hostis
1007 3164 1080 3229 eris.

368 3265 547 3351 Emergunt
561 3266 633 3332 lites
647 3268 795 3347 modicae,
811 3290 891 3355 quas
905 3288 1023 3351 magna
1038 3275 1216 3353 sequuntur

406 3369 528 3454 Jurgia,
546 3370 731 3435 vulneribus
746 3370 834 3451 foeta,
850 3392 1028 3456 necemque
1042 3370 1159 3435 ferunt.

368 3469 432 3535 Sed
446 3472 523 3558 quia
537 3472 688 3537 virtutem
704 3495 783 3557 gens
798 3473 913 3557 diligit,
929 3482 963 3537 et
977 3485 1157 3549 veneretur,

409 3573 443 3637 Si
458 3574 541 3639 bene
558 3575 697 3639 credaris
712 3576 829 3652 vivere,
847 3588 935 3641 tutus
950 3576 1020 3641 eris.

367 3673 440 3739 Nou
457 3675 553 3740 modo
568 3688 657 3741 tutus
671 3678 745 3755 eris,
762 3678 816 3742 sed
833 3699 959 3742 summo
974 3677 1091 3761 dignus
1105 3677 1225 3741 honore

407 3777 555 3865 Quaeque
570 3778 651 3843 libet
666 3780 746 3858 fieri,
763 3792 879 3844 cuncta
893 3779 1027 3845 licenter
1044 3803 1113 3865 age.

368 3878 483 3943 (lautia
498 3892 530 3944 te
546 3879 623 3945 felix
638 3881 761 3965 genuit,
778 3894 810 3946 te
827 3882 944 3947 Cautio
958 3881 1046 3958 fovit,

412 3982 548 4047 Illustris
564 4006 689 4069 regum,
705 3985 957 4071 pontificumque
973 4007 1098 4070 parens.

367 4083 431 4148 Hic
444 4084 504 4150 tibi
520 4086 668 4164 debetur,
684 4086 775 4152 sedes
791 4087 927 4173 finisque
943 4087 1107 4151 laborum:

409 4186 469 4252 Illa
485 4187 544 4252 tibi
561 4189 706 4275 requiem
722 4201 892 4276 praeparat,
909 4189 964 4253 illa
978 4190 1120 4252 domum.

369 4287 547 4372 Anglorum
564 4290 674 4356 sedem
690 4292 825 4377 primam
842 4304 928 4377 pete,
946 4290 1011 4356 sive
1031 4289 1216 4368 Britonum3
1290 4334 1291 4338 ,

412 4390 446 4454 Si
463 4390 633 4458 Britonum
651 4394 751 4460 mavis
766 4395 884 4472 dicere,
901 4415 996 4459 nemo
1013 4405 1109 4458 vetet.
