3384 5234
416 710 476 770 172
668 719 806 765 roanurs
821 719 1101 765 ssanssnrunusrs
1212 700 1292 780 [nra.
1309 720 1362 765 111.

416 894 517 958 quum
533 893 629 957 agaso
648 894 712 935 uon
731 872 850 949 tressis,
868 871 1034 937 titulorum
1049 870 1187 935 fascibus
1207 892 1365 957 purpura-

416 989 482 1053 tur,
497 986 529 1038 et
545 995 607 1037 non
623 972 690 1038 sine
705 996 801 1038 sanna
816 986 849 1039 et
863 973 1017 1037 cachinno
1031 972 1243 1050 audientium,
1260 975 1365 1036 Dama

417 1076 530 1142 transit
544 1076 577 1140 in
593 1080 751 1141 Marcum.
795 1078 935 1141 Morcus
948 1078 1056 1140 duat:

749 1200 842 1271 Papa!
862 1199 953 1252 Marco
964 1200 1107 1272 spondente
1118 1217 1221 1253 recusas

525 1287 639 1341 Credere
651 1291 679 1340 tu
689 1288 829 1339 nummos?
860 1286 951 1339 Marco
962 1287 1011 1340 sub
1018 1288 1107 1359 judice
1118 1287 1218 1359 palles?

526 1375 570 1429 lta
582 1379 631 1441 est,
643 1373 754 1442 adsigna
766 1372 857 1425 Marce
867 1372 989 1426 tabellas.

420 1490 482 1555 Est
496 1490 627 1577 quidem
642 1486 783 1553 omnium
798 1486 955 1573 captanda
969 1486 1193 1565 benivolentia,
1209 1509 1282 1573 quae
1297 1486 1368 1549 fons

421 1607 469 1658 est
484 1592 642 1669 amicitiae,
658 1605 690 1656 et
711 1590 835 1676 primus
855 1588 995 1654 caritatis
1014 1611 1201 1675 progressus
1221 1602 1287 1662 est;
1312 1589 1367 1651 sed

422 1695 586 1760 honestate
611 1693 772 1768 incolumi,
798 1689 972 1755 officiorum
998 1691 1125 1772 studiis,
1151 1690 1279 1754 virtutis
1305 1690 1367 1765 via,

422 1797 646 1884 obsequiorum
666 1795 787 1871 fructu,
811 1794 996 1880 integritate
1018 1795 1179 1858 sermonis.
1223 1791 1317 1857 Adsit
1338 1803 1371 1855 et

424 1900 514 1977 fides,
540 1899 700 1964 dictorum
729 1897 845 1962 scilicet
871 1896 1095 1983 factorumque
1123 1896 1309 1973 constantia,
1339 1908 1371 1958 et

423 1999 549 2073 veritas,
566 2022 640 2084 quae
659 1998 834 2062 officiorum
854 2012 887 2061 et
904 1997 1059 2061 bonorum
1080 1998 1221 2061 omnium
1237 2011 1286 2062 est
1301 1998 1373 2063 fun-

424 2101 618 2166 damentum.
664 2099 808 2163 Gratiam
832 2100 999 2175 bonorum,
1026 2099 1081 2162 sed
1107 2112 1139 2163 et
1168 2098 1321 2177 omnium,
1349 2099 1375 2161 si

425 2202 492 2268 lieri
508 2213 626 2287 posset,
638 2201 740 2265 virtus
755 2202 889 2287 appetit,
900 2199 954 2263 sed
969 2200 1011 2265 ad
1025 2223 1094 2264 eam
1109 2200 1300 2287 dedignatur
1316 2222 1374 2284 per

425 2304 534 2369 sordes
548 2303 705 2369 accedere.
751 2301 876 2367 Nobilis
895 2301 1008 2389 utique
1029 2326 1079 2367 res
1100 2314 1159 2380 est,
1175 2315 1206 2367 et
1224 2300 1374 2379 delicata,

426 2419 459 2473 et
487 2429 561 2493 quae
590 2428 694 2485 omne,
725 2404 812 2491 quod
842 2403 987 2480 dedecet,
1017 2418 1214 2492 aspernatur.
1260 2405 1372 2469 Omnis

426 2509 520 2575 etiam
545 2507 673 2594 species,
696 2530 770 2594 quae
791 2531 830 2572 ex
853 2505 955 2594 seipsa
976 2531 1038 2572 uon
1061 2508 1155 2590 lucct,
1176 2508 1204 2572 ei
1228 2521 1375 2593 suspecta

427 2622 484 2675 est.
530 2607 699 2696 Numquid
721 2606 822 2692 igitur
843 2608 1008 2687 mentitur,
1029 2623 1066 2675 ut
1088 2609 1234 2697 placeat?
1272 2612 1376 2673 Num-

428 2710 506 2799 quid
521 2710 640 2775 bonum
662 2710 739 2775 dicit
761 2710 891 2788 malum,
907 2725 939 2776 et
954 2711 1072 2775 malurn
1093 2712 1236 2776 bonum?
1274 2714 1377 2775 Num-

428 2813 507 2899 quid
517 2812 665 2890 amicum,
675 2812 730 2899 qui
742 2835 855 2899 parurn
867 2836 963 2877 sanus
974 2826 1033 2892 est,
1042 2814 1184 2898 instigat,
1193 2827 1230 2878 ut
1239 2812 1377 2898 amplius

428 2916 524 2981 faciat
533 2916 689 2982 insanire?
702 2917 803 2981 Porro
811 2940 912 3003 quum
922 2917 1024 2982 omnis
1032 2917 1203 2982 assentatio
1212 2916 1316 3001 turpis
1325 2915 1377 2994 sit,

429 3017 633 3104 perniciosior
642 3030 689 3081 est
698 3040 799 3104 quum
810 3018 849 3083 ad
861 3018 1099 3083 subornandum
1108 3018 1219 3082 vitium
1227 3039 1378 3103 personae,

431 3120 481 3185 vel
496 3133 630 3200 naturae,
645 3120 696 3184 vel
710 3120 876 3208 dignitatis
890 3120 1011 3185 accedit
1025 3121 1209 3186 auctoritas.
1254 3121 1377 3206 Nempe

431 3221 612 3310 philosophi
627 3221 791 3307 probabile
806 3221 929 3300 dicunt,
945 3221 1032 3308 quod
1049 3222 1195 3286 videatur
1209 3220 1259 3284 vel
1279 3220 1380 3285 omni-

431 3324 504 3403 bus,
530 3327 581 3388 vel
606 3322 765 3408 pluribus,
789 3337 844 3388 aut
870 3323 1126 3409 sapientioribus,
1151 3336 1208 3387 aut
1233 3323 1322 3409 quod
1347 3324 1380 3386 in

431 3420 561 3507 propria
575 3418 727 3482 facultate
738 3419 862 3483 artifici.
895 3420 927 3483 Si
939 3444 1015 3507 ergo
1026 3420 1211 3506 sapientiam
1224 3422 1380 3507 cujusque

426 3523 529 3585 Plato
549 3518 758 3596 commendet,
779 3534 835 3585 aut
860 3522 1013 3597 Socrates,
1034 3522 1226 3587 Aristoteles
1248 3535 1380 3586 acumen

432 3621 561 3706 ingenii,
574 3620 685 3684 Cicero
700 3619 825 3686 dicendi
840 3623 975 3709 copiam,
986 3624 1223 3689 Mathematicus
1238 3623 1381 3687 studium

434 3720 647 3807 Pythagoras,
663 3733 834 3785 metrorum
852 3724 1017 3790 varietates
1038 3724 1183 3803 Flaccus,
1199 3725 1284 3787 Naso
1304 3722 1381 3785 levi-

395 3848 406 3873 ¹=
435 3836 532 3889 tatem
559 3822 779 3897 versifi·candi;
811 3824 923 3909 quidni
954 3826 1085 3891 credat?
1124 3826 1269 3890 Subeunt
1298 3824 1381 3887 enim

433 3925 528 3991 citius
542 3939 573 3991 et
589 3925 704 3991 lortius
720 3925 862 4012 singulos
877 3928 1017 3993 fomenta
1031 3928 1194 4005 vitiorum,

926 4048 1028 4115 magnis

611 4130 699 4193 Quum
712 4131 824 4185 subeunt
834 4133 934 4185 animos
946 4134 1101 4186 auctoribus.

438 4238 501 4301 His
523 4248 628 4301 tamen
651 4234 700 4300 sui
722 4259 851 4320 compos
875 4235 999 4302 animus
1021 4260 1083 4301 non
1106 4236 1278 4312 seducitur,
1301 4249 1386 4299 certe

438 4338 513 4426 quia
527 4362 619 4403 nemo
633 4338 734 4419 novit,
749 4339 828 4425 quid
847 4340 888 4405 sit
903 4341 935 4405 in
951 4341 1089 4417 homine,
1104 4353 1221 4426 praeter
1237 4339 1384 4427 spiritum
