3384 5234
435 648 497 705 art
692 658 827 704 tenuius
843 656 1119 702 ssausuumuxsu
1261 642 1345 720 [ms.
1360 660 1392 701 v.

437 810 588 875 Nicolaus
602 823 717 897 quarta
732 823 763 875 et
779 821 870 874 sexta
884 808 964 872 seria
977 809 1073 873 semel
1089 809 1220 889 lactens,
1235 810 1267 872 in
1284 809 1391 874 cuuis:

437 930 493 981 aut
502 915 623 981 meritis
632 937 671 980 ex
678 915 792 1001 gratia,
803 926 841 978 ut
852 913 908 1000 qui
917 912 1002 976 sacili
1015 914 1066 977 via
1079 916 1233 978 bonorum
1244 936 1393 999 operum,

438 1017 519 1082 sicut
543 1021 701 1103 poenitens
730 1016 823 1090 latro,
849 1015 900 1078 vel
925 1014 1045 1079 difficili
1074 1029 1106 1080 et
1135 1016 1222 1080 felici
1253 1016 1392 1081 transitu

437 1133 597 1183 merentur
612 1142 709 1205 regna
723 1118 888 1195 coelorum,
904 1116 992 1182 velut
1009 1117 1240 1203 Apostolorum
1260 1118 1391 1195 chorus,

436 1232 468 1285 et
484 1224 676 1308 Martyrum.
713 1223 784 1285 Hos
798 1230 906 1282 autem
922 1229 986 1281 tres
1000 1217 1127 1283 ordines
1141 1220 1248 1284 innuit
1263 1223 1370 1299 Maro,

717 1369 814 1425 Facilis
825 1369 966 1421 descensus
978 1369 1085 1420 Averni.

542 1457 641 1511 Noctes
652 1463 731 1527 atque
744 1458 800 1511 dies
811 1463 886 1529 patet
896 1458 946 1509 atri
952 1459 1035 1529 janua
1046 1456 1132 1510 Ditis:

541 1543 595 1597 sed
605 1559 724 1596 revocare
735 1543 853 1612 gradum,
866 1560 1023 1615 superasque
1035 1543 1145 1595 evadere
1157 1543 1191 1595 ad
1202 1560 1289 1606 auras,

543 1629 602 1683 Hoc
614 1646 685 1701 opus,
697 1630 740 1683 hic
751 1630 825 1682 labor
835 1634 889 1682 eat:
907 1630 991 1700 pauci,
1003 1646 1067 1698 quos
1078 1646 1167 1699 oequua
1178 1630 1274 1682 amavit

541 1714 652 1786 Jupiter,
663 1721 708 1768 aut
719 1716 813 1768 ardeus
824 1716 914 1768 evexit
924 1715 958 1767 ad
970 1714 1069 1767 aethera
1080 1715 1170 1779 virtus,

542 1801 601 1854 Diis
612 1803 694 1870 geniti
704 1808 819 1873 potuere.

437 1942 525 2013 Quos
539 1959 615 2023 ergo
634 1960 756 2003 morum
772 1937 928 2023 elegantia
948 1936 1066 2001 divinae
1087 1936 1233 1999 videmus
1250 1936 1390 2002 bonitati

436 2040 622 2115 conformes,
638 2040 791 2104 debemus
812 2054 963 2126 tanquam
979 2039 1174 2104 verissimam
1197 2053 1229 2104 et
1243 2038 1390 2103 fidelissi·

436 2163 518 2206 mam
546 2141 608 2206 Dei
637 2142 806 2224 imaginem
830 2143 983 2205 venerari.
1028 2140 1171 2206 Ministri
1197 2163 1273 2204 vero
1301 2154 1391 2220 sunt,

435 2264 517 2329 quos
531 2241 696 2328 dispositio
710 2243 818 2309 divina
832 2243 967 2323 vocavit,
978 2255 1014 2308 ut
1030 2241 1229 2329 corripiendo
1243 2256 1275 2307 et
1290 2243 1390 2306 corri-

435 2344 541 2430 gendo
563 2344 651 2425 vitia,
664 2358 721 2410 aut
744 2346 880 2410 virtutes
897 2345 1074 2421 inserendo,
1090 2357 1146 2409 aut
1168 2344 1389 2430 propagando,

435 2466 524 2508 auam
540 2456 572 2508 et
592 2443 726 2508 aliorum
748 2456 919 2530 procurent
943 2443 1087 2508 salutem.
1134 2444 1198 2520 Qui
1217 2465 1292 2505 vero
1311 2442 1337 2505 ei
1356 2442 1389 2506 in

430 2547 505 2632 jure
520 2545 660 2610 humano
678 2546 870 2623 ministrant,
887 2559 976 2611 tanto
994 2545 1158 2609 inferiores
1172 2557 1247 2609 sunt
1267 2544 1316 2607 his
1331 2544 1390 2629 qui

434 2647 614 2714 ministrant
629 2648 661 2711 in
677 2648 796 2725 divino,
810 2660 968 2734 quantum
979 2646 1096 2711 divinis
1109 2647 1247 2711 humana
1257 2645 1388 2710 cedunt.

436 3001 516 3085 Cap.
533 3008 562 3064 5.
588 3002 667 3075 Qua
680 3021 778 3083 poena
793 3004 962 3064 immineat
978 3002 1038 3078 lu,
1050 3004 1108 3083 qai
1122 3001 1280 3063 ministris
1294 3003 1389 3065 eccla

478 3104 531 3166 ciae
552 3104 754 3184 locorumque
778 3103 1020 3181 venerabilium,
1043 3104 1187 3187 injurias
1214 3104 1385 3186 inserunt:

478 3214 509 3270 et
539 3205 578 3268 de
603 3206 781 3287 privilegiis
805 3206 943 3267 locorum
967 3205 1214 3267 venerabilium.-
1247 3212 1279 3268 et
1302 3207 1390 3287 quod

477 3307 632 3371 absolutio
646 3327 705 3370 nec
715 3327 775 3389 per
789 3308 851 3368 olm
867 3308 1056 3387 aeteruum,
1073 3326 1132 3369 nec
1145 3308 1268 3387 surripi
1284 3314 1390 3389 potest

476 3430 537 3492 per
540 3411 710 3494 fraudem.

479 3561 520 3622 Iu
535 3558 584 3623 his
598 3572 705 3624 autem
721 3560 777 3645 qui
789 3560 865 3646 jura
879 3559 990 3624 divina
1005 3558 1197 3636 ministrant,
1214 3560 1304 3624 Deus
1317 3582 1387 3644 proe

435 3658 556 3722 caeteris
568 3659 741 3726 honoratur
755 3675 812 3726 aut
824 3661 1006 3747 spernitur3
1031 3681 1131 3744 quum
1145 3658 1273 3723 illorum
1288 3660 1388 3724 hono-

434 3779 513 3837 rem,
534 3770 589 3822 aut
613 3772 830 3845 contemptum
853 3761 1017 3847 proprium
1041 3773 1178 3847 reputet.
1223 3762 1312 3824 Hinc
1337 3775 1386 3827 est

434 3858 533 3923 illud:
561 3860 635 3944 Ego
650 3859 718 3924 dixi
735 3861 790 3925 Dii
805 3862 888 3926 estis.
924 3864 969 3926 Et
992 3863 1076 3926 labia
1091 3862 1263 3927 sacerdotis
1276 3876 1388 3928 custo·

434 3958 526 4025 diunt
543 3959 716 4034 scientiam,
733 3975 765 4025 et
783 3961 882 4046 legem
904 3967 1074 4048 requirunt
1089 3988 1129 4029 ex
1144 3988 1199 4029 ore
1212 3965 1294 4051 ejus,
1309 3963 1389 4049 quia

433 4060 567 4147 angelus
581 4058 712 4126 Domini
728 4061 925 4127 exercituum
941 4076 1001 4128 est.
1037 4066 1113 4150 Ipsa
1127 4088 1257 4151 quoque
1268 4064 1387 4130 veritas

433 4165 500 4229 ait:
532 4164 596 4240 Qui
618 4185 674 4228 vos
694 4162 797 4241 audit,
813 4190 864 4229 me
885 4165 995 4230 audit:
1031 4167 1087 4252 qui
1109 4190 1165 4231 vos
1187 4166 1310 4252 recipit,
1332 4188 1386 4229 me

431 4265 553 4353 recipit,
567 4279 600 4331 et
614 4266 671 4352 qui
688 4289 743 4331 vos
759 4268 890 4353 spernit,
908 4268 1027 4353 spernit
1044 4290 1115 4331 eum
1139 4269 1197 4351 qui
1213 4290 1264 4331 me
1278 4266 1386 4332 misit:
