3384 5234
367 674 428 735 las
622 688 759 734 rasurus
775 687 1052 734 saansaaararvsrs
1179 672 1261 753 [nm.
1277 692 1316 741 11.

366 840 444 905 dum
459 836 667 925 providentiae
677 860 739 902 non
751 839 902 923 impletur
916 838 1059 921 effectus,
1068 840 1156 927 quod
1169 843 1316 908 futurum

367 955 425 1020 est,
447 954 480 1008 et
503 963 565 1005 non
591 941 715 1007 evenire
739 954 857 1028 potest,
878 954 985 1027 potest
1008 942 1104 1010 etiam
1129 966 1191 1008 non
1218 944 1318 1010 fuisse

367 1042 550 1129 praevisum.
594 1046 674 1121 Non⁸
684 1055 801 1122 tamen,
817 1054 855 1108 ut
870 1044 1058 1128 praedictum
1074 1058 1132 1122 est,
1148 1045 1319 1131 investiga-

368 1143 461 1209 tionis
475 1141 608 1208 audacia
626 1143 889 1229 omnipotentiam
911 1143 1028 1223 minuo,
1042 1158 1098 1209 aut
1113 1145 1319 1213 immensitati
1345 1225 1350 1232 1

368 1245 438 1331 ejus
452 1266 677 1331 quamcunque
697 1242 870 1329 praescribo
889 1265 1079 1309 mensuram.
1124 1248 1197 1310 Hoc
1211 1257 1318 1312 autem

368 1369 443 1413 curn
453 1345 564 1412 multis
573 1348 684 1425 sentio,
693 1345 770 1430 quia
779 1343 805 1409 si
816 1343 896 1431 quid
907 1347 996 1412 Deus
1007 1345 1165 1431 praevidit,
1175 1346 1315 1421 eveniet;

369 1457 402 1511 et
416 1446 442 1510 si
457 1469 519 1510 non
541 1444 693 1522 evenerit,
709 1447 771 1509 no'n
791 1444 951 1530 praevidit.
994 1446 1093 1510 Unde
1108 1447 1317 1532 probabiliter

369 1545 409 1610 ad
425 1545 532 1611 minus
545 1545 719 1631 colligitur,
734 1545 811 1631 quia
825 1545 852 1609 si
866 1554 970 1632 potest
985 1569 1047 1610 non
1063 1547 1199 1625 evenire,
1213 1559 1319 1632 potest

370 1648 465 1714 etiam
486 1648 662 1713 consuisse
681 1646 866 1734 praevisum.
913 1648 997 1725 Quid
1021 1650 1104 1714 enim
1125 1673 1164 1714 ex
1186 1672 1253 1735 quo
1266 1672 1320 1714 ve-

369 1750 485 1814 raciter
498 1761 722 1834 consequatur,
737 1748 807 1833 ipsa
822 1748 939 1812 veritas
959 1750 1059 1829 novit,
1069 1749 1321 1836 juncturamque

370 1850 529 1914 rationum
555 1848 646 1933 plene
676 1861 708 1913 et
737 1848 877 1933 perfecte
900 1848 1064 1932 primitiva
1088 1851 1170 1914 ratio
1198 1864 1320 1935 pensat.

371 1954 466 2015 Hanc
480 1962 586 2013 autem
610 1949 749 2013 humano
769 1948 878 2032 generi
900 1948 1047 2033 indulget
1061 1950 1223 2015 academia
1236 1951 1320 2015 anti·

372 2070 437 2135 qua
457 2047 626 2122 licentiam,
650 2060 687 2111 ut
711 2047 867 2132 quicquid
892 2048 1061 2133 unicuique
1083 2049 1247 2133 probabile
1269 2075 1321 2115 oc·

371 2148 483 2223 currit,
510 2169 567 2210 suo
586 2148 661 2231 jure
684 2146 845 2212 defendat.
892 2147 1019 2211 Solebat
1044 2152 1143 2212 nostri
1169 2151 1322 2234 temporis

371 2246 602 2334 Peripateticus
631 2246 795 2312 Palatinus
829 2247 978 2312 omnibus
1008 2247 1057 2312 his
1085 2248 1322 2317 conditionibus

371 2348 510 2426 obviare,
530 2347 585 2413 ubi
607 2369 670 2411 non
694 2346 856 2432 sequentis
877 2346 1085 2424 intellectum,
1104 2349 1322 2417 antecedentis

284 2496 287 2502 ·
371 2452 534 2536 conceptio
555 2448 688 2530 claudit,
708 2462 763 2514 aut
787 2471 849 2512 non
876 2449 1091 2515 antecedentis
1116 2451 1322 2530 contrarium,

372 2549 594 2635 consequentis
615 2548 826 2616 destructoria
849 2548 950 2636 ponit,
971 2550 1116 2636 eoquod
1138 2572 1247 2615 omnes
1269 2575 1325 2616 ne-

372 2652 536 2718 cessariam
556 2664 664 2717 tenere
684 2654 941 2738 consequentiam
957 2651 1067 2730 velint,
1083 2654 1144 2718 etsi
1158 2652 1321 2719 nonnulla

372 2754 449 2832 sola,
464 2752 542 2817 dum
559 2764 664 2817 tamen
686 2774 812 2835 magna,
829 2752 893 2816 sint
915 2751 1140 2836 probabilitate
1154 2763 1323 2819 contenta.

375 2856 464 2920 Sicut
489 2853 572 2917 enim
596 2852 734 2918 scientiar
758 2852 876 2916 assistit
899 2851 1075 2916 evidentior
1098 2875 1158 2938 pro
1179 2851 1227 2919 sui
1250 2876 1322 2939 per-

373 2955 541 3040 spicuitate
563 2952 681 3038 opinio,
705 2951 749 3015 sic
776 2962 808 3015 et
831 2950 1002 3036 singularia
1023 2974 1089 3037 quo
1109 2952 1324 3036 probabiliora

373 3068 459 3131 sunt,
490 3069 532 3117 eo‘
557 3053 802 3117 necessariorum
832 3051 1006 3115 fideliorem
1042 3051 1211 3137 imaginem
1240 3074 1323 3138 prae·

372 3156 491 3221 ferunt.
537 3156 582 3219 Et
597 3177 635 3219 ne
656 3176 707 3217 me
728 3153 825 3218 solius
846 3152 1004 3239 opinionis
1025 3152 1146 3219 lubrico
1167 3152 1323 3218 fluctuare

374 3272 479 3345 putes,
496 3272 655 3324 auctorem
679 3280 746 3341 quo
765 3279 816 3320 me
832 3268 923 3321 tueor
936 3277 1089 3340 magnum
1110 3256 1238 3338 profero
1253 3257 1324 3319 Au-

373 3360 551 3446 gustinum,
574 3358 629 3442 qui
651 3356 757 3419 locum
779 3356 871 3420 illum
892 3378 1052 3442 exponens
1070 3357 1250 3443 Evangelii,
1266 3356 1323 3421 ubi

374 3461 414 3524 de
434 3460 544 3524 multis
561 3455 787 3533 mansionibus,
805 3478 879 3541 quaa
902 3457 934 3520 in
959 3457 1055 3521 domo
1077 3458 1178 3543 patris
1196 3472 1282 3537 sunt,
1304 3480 1324 3522 a

374 3559 539 3625 Salvatore
568 3556 605 3620 fit
635 3555 764 3633 mentio,
789 3554 852 3619 ait:
885 3556 917 3620 Si
948 3581 1014 3642 quo
1043 3558 1149 3623 minus
1173 3559 1324 3624 dixissem

374 3658 475 3734 vobis,
498 3656 575 3743 quia
591 3654 672 3718 vado
694 3677 806 3740 parare
830 3656 920 3719 vobis
942 3657 1059 3728 locum,
1075 3658 1107 3721 id
1131 3670 1190 3736 est,
1212 3658 1237 3723 si
1260 3680 1323 3720 non

373 3772 476 3826 essent
499 3756 727 3844 praedestinati,
752 3758 913 3834 dixissem,
939 3760 994 3823 ibo
1018 3772 1050 3824 et
1079 3758 1324 3846 praedestinabo.

375 3860 601 3927 Diversitatem
625 3858 739 3922 etenim
761 3859 957 3924 mansionum
974 3885 1049 3947 quae
1064 3863 1097 3925 in
1112 3860 1208 3925 domo
1222 3860 1324 3945 patris

373 3962 510 4027 coelestis
525 3973 712 4047 praeparatae
733 3974 819 4038 sunt,
842 3960 959 4028 divinae
980 3960 1250 4047 praedestinationi
1271 3983 1325 4023 co·

375 4076 476 4149 aptat,
485 4085 558 4147 quae
570 4061 729 4126 salvandis
741 4085 798 4148 pro
810 4063 891 4126 bene
903 4063 1020 4150 placito
1032 4062 1229 4149 disponentis
1240 4062 1324 4147 parit

376 4166 499 4230 diversa
523 4164 713 4228 charismata
737 4163 911 4248 gratiarum
936 4176 967 4227 et
993 4184 1168 4228 munerum.
1213 4164 1324 4237 Quum

374 4290 449 4331 vero
464 4278 573 4332 tantus
589 4276 680 4350 pater
694 4264 779 4328 hunc
794 4263 1039 4351 apprehenderit
1055 4264 1324 4348 interpretationis
