<?xml version="1.0" encoding="UTF-8"?>
<!DOCTYPE html PUBLIC "-//W3C//DTD XHTML 1.0 Transitional//EN"
    "http://www.w3.org/TR/xhtml1/DTD/xhtml1-transitional.dtd">
<html xmlns="http://www.w3.org/1999/xhtml" xml:lang="en" lang="en">
 <head>
  <title>
</title>
<meta http-equiv="Content-Type" content="text/html;charset=utf-8" />
  <meta name='ocr-system' content='tesseract 3.04.00' />
  <meta name='ocr-capabilities' content='ocr_page ocr_carea ocr_par ocr_line ocrx_word'/>
</head>
<body>
  <div class='ocr_page' id='page_1' title='image "./joannissaresber06johngoog_0161.png"; bbox 0 0 3384 5234; ppageno 0'>
   <div class='ocr_carea' id='block_1_1' title="bbox 326 696 1280 776">
    <p class='ocr_par' dir='ltr' id='par_1_1' title="bbox 286 683 1280 776">
     <span class='ocr_line' id='line_1_1' title="bbox 326 696 1280 776; baseline 0.011 -21.557"><span class='ocrx_word' id='word_1_1' title='bbox 296 710 398 755; x_wconf 79' lang='lat' dir='ltr'><strong>car.</strong></span> <span class='ocrx_word' id='word_1_2' title='bbox 415 696 540 776; x_wconf 84' lang='lat' dir='ltr'><strong>xxvu.]</strong></span> <span class='ocrx_word' id='word_1_3' title='bbox 704 715 960 762; x_wconf 78' lang='lat' dir='ltr'><strong>eonrcaarmus.</strong></span> <span class='ocrx_word' id='word_1_4' title='bbox 1222 703 1280 765; x_wconf 82' lang='lat' dir='ltr'><strong>tor</strong></span> 
     </span>
    </p>
   </div>
   <div class='ocr_carea' id='block_1_2' title="bbox 229 864 1279 4389">
    <p class='ocr_par' dir='ltr' id='par_1_2' title="bbox 229 864 1279 4389">
     <span class='ocr_line' id='line_1_2' title="bbox 325 864 1278 940; baseline 0.007 -16"><span class='ocrx_word' id='word_1_5' title='bbox 325 876 459 927; x_wconf 89' lang='lat' dir='ltr'><strong>mortem</strong></span> <span class='ocrx_word' id='word_1_6' title='bbox 486 865 657 930; x_wconf 84' lang='lat' dir='ltr'><strong>terminum</strong></span> <span class='ocrx_word' id='word_1_7' title='bbox 689 888 751 930; x_wconf 92' lang='lat' dir='ltr'><strong>nou</strong></span> <span class='ocrx_word' id='word_1_8' title='bbox 779 888 846 931; x_wconf 84' lang='lat' dir='ltr'><strong>esse</strong></span> <span class='ocrx_word' id='word_1_9' title='bbox 876 864 1043 940; x_wconf 89' lang='lat' dir='ltr'><strong>malorum,</strong></span> <span class='ocrx_word' id='word_1_10' title='bbox 1070 864 1125 927; x_wconf 91' lang='lat' dir='ltr'><strong>sed</strong></span> <span class='ocrx_word' id='word_1_11' title='bbox 1154 879 1278 933; x_wconf 90' lang='lat' dir='ltr'><strong>antece-</strong></span> 
     </span>
     <span class='ocr_line' id='line_1_3' title="bbox 322 960 1278 1053; baseline 0.01 -30"><span class='ocrx_word' id='word_1_12' title='bbox 322 960 467 1029; x_wconf 84' lang='lat' dir='ltr'><strong>dentium</strong></span> <span class='ocrx_word' id='word_1_13' title='bbox 491 978 523 1029; x_wconf 95' lang='lat' dir='ltr'><strong>et</strong></span> <span class='ocrx_word' id='word_1_14' title='bbox 546 964 784 1031; x_wconf 84' lang='lat' dir='ltr'><strong>succedentium</strong></span> <span class='ocrx_word' id='word_1_15' title='bbox 807 964 966 1051; x_wconf 88' lang='lat' dir='ltr'><strong>copulam.</strong></span> <span class='ocrx_word' id='word_1_16' title='bbox 1012 965 1067 1029; x_wconf 92' lang='lat' dir='ltr'><strong>Ad</strong></span> <span class='ocrx_word' id='word_1_17' title='bbox 1090 966 1171 1031; x_wconf 93' lang='lat' dir='ltr'><strong>hanc</strong></span> <span class='ocrx_word' id='word_1_18' title='bbox 1191 968 1278 1053; x_wconf 83' lang='lat' dir='ltr'><strong>fugi·</strong></span> 
     </span>
     <span class='ocr_line' id='line_1_4' title="bbox 323 1062 1279 1150; baseline 0.01 -25"><span class='ocrx_word' id='word_1_19' title='bbox 323 1062 436 1128; x_wconf 87' lang='lat' dir='ltr'><strong>endam</strong></span> <span class='ocrx_word' id='word_1_20' title='bbox 460 1087 523 1129; x_wconf 88' lang='lat' dir='ltr'><strong>nou</strong></span> <span class='ocrx_word' id='word_1_21' title='bbox 544 1066 673 1130; x_wconf 88' lang='lat' dir='ltr'><strong>oracula</strong></span> <span class='ocrx_word' id='word_1_22' title='bbox 693 1078 814 1142; x_wconf 89' lang='lat' dir='ltr'><strong>vatum,</strong></span> <span class='ocrx_word' id='word_1_23' title='bbox 831 1088 892 1128; x_wconf 94' lang='lat' dir='ltr'><strong>non</strong></span> <span class='ocrx_word' id='word_1_24' title='bbox 917 1066 1074 1150; x_wconf 87' lang='lat' dir='ltr'><strong>Pythonis</strong></span> <span class='ocrx_word' id='word_1_25' title='bbox 1089 1068 1279 1135; x_wconf 86' lang='lat' dir='ltr'><strong>consultatio</strong></span> 
     </span>
     <span class='ocr_line' id='line_1_5' title="bbox 321 1166 1278 1237; baseline 0.011 -11"><span class='ocrx_word' id='word_1_26' title='bbox 321 1167 494 1231; x_wconf 82' lang='lat' dir='ltr'><strong>necessaria</strong></span> <span class='ocrx_word' id='word_1_27' title='bbox 516 1182 582 1232; x_wconf 89' lang='lat' dir='ltr'><strong>est:</strong></span> <span class='ocrx_word' id='word_1_28' title='bbox 614 1167 739 1232; x_wconf 87' lang='lat' dir='ltr'>fidelius</span> <span class='ocrx_word' id='word_1_29' title='bbox 761 1180 793 1232; x_wconf 93' lang='lat' dir='ltr'><strong>et</strong></span> <span class='ocrx_word' id='word_1_30' title='bbox 817 1166 929 1231; x_wconf 89' lang='lat' dir='ltr'><strong>utilius</strong></span> <span class='ocrx_word' id='word_1_31' title='bbox 950 1169 992 1230; x_wconf 91' lang='lat' dir='ltr'><strong>ad</strong></span> <span class='ocrx_word' id='word_1_32' title='bbox 1014 1169 1074 1232; x_wconf 92' lang='lat' dir='ltr'><strong>hoc</strong></span> <span class='ocrx_word' id='word_1_33' title='bbox 1097 1170 1179 1234; x_wconf 90' lang='lat' dir='ltr'><strong>ratio</strong></span> <span class='ocrx_word' id='word_1_34' title='bbox 1201 1172 1278 1237; x_wconf 88' lang='lat' dir='ltr'><strong>data</strong></span> 
     </span>
     <span class='ocr_line' id='line_1_6' title="bbox 321 1266 1278 1356; baseline 0.01 -29"><span class='ocrx_word' id='word_1_35' title='bbox 321 1266 467 1333; x_wconf 88' lang='lat' dir='ltr'><strong>consulit.</strong></span> <span class='ocrx_word' id='word_1_36' title='bbox 502 1271 585 1335; x_wconf 85' lang='lat' dir='ltr'><strong>Cato</strong></span> <span class='ocrx_word' id='word_1_37' title='bbox 596 1272 629 1333; x_wconf 92' lang='lat' dir='ltr'><strong>in</strong></span> <span class='ocrx_word' id='word_1_38' title='bbox 643 1267 749 1354; x_wconf 90' lang='lat' dir='ltr'><strong>Libya</strong></span> <span class='ocrx_word' id='word_1_39' title='bbox 760 1282 911 1333; x_wconf 75' lang='lat' dir='ltr'><strong>extremae</strong></span> <span class='ocrx_word' id='word_1_40' title='bbox 922 1267 1118 1334; x_wconf 87' lang='lat' dir='ltr'><strong>difficultatis</strong></span> <span class='ocrx_word' id='word_1_41' title='bbox 1128 1274 1278 1356; x_wconf 85' lang='lat' dir='ltr'><strong>angustia</strong></span> 
     </span>
     <span class='ocr_line' id='line_1_7' title="bbox 322 1366 1279 1452; baseline 0.009 -24"><span class='ocrx_word' id='word_1_42' title='bbox 322 1380 514 1449; x_wconf 84' lang='lat' dir='ltr'><strong>coarctatus,</strong></span> <span class='ocrx_word' id='word_1_43' title='bbox 538 1372 728 1432; x_wconf 86' lang='lat' dir='ltr'><strong>Ammonem</strong></span> <span class='ocrx_word' id='word_1_44' title='bbox 759 1368 876 1430; x_wconf 85' lang='lat' dir='ltr'><strong>Jovem</strong></span> <span class='ocrx_word' id='word_1_45' title='bbox 906 1366 1097 1452; x_wconf 81' lang='lat' dir='ltr'><strong>dedignatus</strong></span> <span class='ocrx_word' id='word_1_46' title='bbox 1126 1383 1173 1435; x_wconf 89' lang='lat' dir='ltr'><strong>est</strong></span> <span class='ocrx_word' id='word_1_47' title='bbox 1204 1396 1279 1437; x_wconf 88' lang='lat' dir='ltr'><strong>con·</strong></span> 
     </span>
     <span class='ocr_line' id='line_1_8' title="bbox 323 1466 1277 1554; baseline 0.008 -25"><span class='ocrx_word' id='word_1_48' title='bbox 323 1466 462 1543; x_wconf 80' lang='lat' dir='ltr'><strong>sultare3</strong></span> <span class='ocrx_word' id='word_1_49' title='bbox 485 1484 574 1534; x_wconf 90' lang='lat' dir='ltr'><strong>ratus</strong></span> <span class='ocrx_word' id='word_1_50' title='bbox 597 1469 657 1533; x_wconf 87' lang='lat' dir='ltr'><strong>sibi</strong></span> <span class='ocrx_word' id='word_1_51' title='bbox 678 1467 831 1532; x_wconf 91' lang='lat' dir='ltr'><strong>rationem</strong></span> <span class='ocrx_word' id='word_1_52' title='bbox 853 1466 995 1531; x_wconf 88' lang='lat' dir='ltr'><strong>sufficere</strong></span> <span class='ocrx_word' id='word_1_53' title='bbox 1017 1482 1050 1533; x_wconf 92' lang='lat' dir='ltr'><strong>ut</strong></span> <span class='ocrx_word' id='word_1_54' title='bbox 1072 1471 1277 1554; x_wconf 91' lang='lat' dir='ltr'><strong>persuaderet</strong></span> 
     </span>
     <span class='ocr_line' id='line_1_9' title="bbox 324 1568 1278 1642; baseline 0.01 -12"><span class='ocrx_word' id='word_1_55' title='bbox 324 1569 509 1633; x_wconf 88' lang='lat' dir='ltr'><strong>servandam</strong></span> <span class='ocrx_word' id='word_1_56' title='bbox 526 1570 716 1642; x_wconf 85' lang='lat' dir='ltr'><strong>libertatem,</strong></span> <span class='ocrx_word' id='word_1_57' title='bbox 733 1581 765 1635; x_wconf 91' lang='lat' dir='ltr'><strong>et</strong></span> <span class='ocrx_word' id='word_1_58' title='bbox 781 1591 843 1632; x_wconf 91' lang='lat' dir='ltr'><strong>non</strong></span> <span class='ocrx_word' id='word_1_59' title='bbox 859 1568 954 1632; x_wconf 93' lang='lat' dir='ltr'><strong>modo</strong></span> <span class='ocrx_word' id='word_1_60' title='bbox 969 1568 1192 1637; x_wconf 90' lang='lat' dir='ltr'><strong>dominationis</strong></span> <span class='ocrx_word' id='word_1_61' title='bbox 1208 1576 1278 1640; x_wconf 71' lang='lat' dir='ltr'><strong>Ca·</strong></span> 
     </span>
     <span class='ocr_line' id='line_1_10' title="bbox 326 1671 1274 1761; baseline 0.006 -28"><span class='ocrx_word' id='word_1_62' title='bbox 326 1692 425 1735; x_wconf 84' lang='lat' dir='ltr'><strong>saraae</strong></span> <span class='ocrx_word' id='word_1_63' title='bbox 442 1673 572 1757; x_wconf 85' lang='lat' dir='ltr'><strong>jugum,</strong></span> <span class='ocrx_word' id='word_1_64' title='bbox 594 1672 650 1737; x_wconf 93' lang='lat' dir='ltr'><strong>sed</strong></span> <span class='ocrx_word' id='word_1_65' title='bbox 672 1693 797 1736; x_wconf 90' lang='lat' dir='ltr'><strong>omnem</strong></span> <span class='ocrx_word' id='word_1_66' title='bbox 820 1683 929 1736; x_wconf 88' lang='lat' dir='ltr'><strong>notam</strong></span> <span class='ocrx_word' id='word_1_67' title='bbox 953 1671 1164 1757; x_wconf 82' lang='lat' dir='ltr'><strong>turpitudinis</strong></span> <span class='ocrx_word' id='word_1_68' title='bbox 1189 1675 1274 1761; x_wconf 83' lang='lat' dir='ltr'><strong>fugi-</strong></span> 
     </span>
     <span class='ocr_line' id='line_1_11' title="bbox 323 1772 1277 1864; baseline 0.007 -30"><span class='ocrx_word' id='word_1_69' title='bbox 323 1773 447 1839; x_wconf 86' lang='lat' dir='ltr'><strong>endam.</strong></span> <span class='ocrx_word' id='word_1_70' title='bbox 482 1775 570 1839; x_wconf 91' lang='lat' dir='ltr'><strong>Licet</strong></span> <span class='ocrx_word' id='word_1_71' title='bbox 586 1774 619 1838; x_wconf 91' lang='lat' dir='ltr'><strong>in</strong></span> <span class='ocrx_word' id='word_1_72' title='bbox 633 1798 671 1843; x_wconf 90' lang='lat' dir='ltr'><strong>eo</strong></span> <span class='ocrx_word' id='word_1_73' title='bbox 686 1772 836 1837; x_wconf 88' lang='lat' dir='ltr'><strong>erraverit</strong></span> <span class='ocrx_word' id='word_1_74' title='bbox 851 1772 937 1857; x_wconf 91' lang='lat' dir='ltr'><strong>quod</strong></span> <span class='ocrx_word' id='word_1_75' title='bbox 949 1774 1136 1839; x_wconf 85' lang='lat' dir='ltr'><strong>auctoritate</strong></span> <span class='ocrx_word' id='word_1_76' title='bbox 1147 1777 1277 1864; x_wconf 92' lang='lat' dir='ltr'><strong>propria</strong></span> 
     </span>
     <span class='ocr_line' id='line_1_12' title="bbox 323 1874 1277 1962; baseline 0.006 -25"><span class='ocrx_word' id='word_1_77' title='bbox 323 1875 399 1938; x_wconf 82' lang='lat' dir='ltr'><strong>vitae</strong></span> <span class='ocrx_word' id='word_1_78' title='bbox 414 1897 529 1940; x_wconf 90' lang='lat' dir='ltr'><strong>munus</strong></span> <span class='ocrx_word' id='word_1_79' title='bbox 544 1876 676 1962; x_wconf 85' lang='lat' dir='ltr'><strong>abjecit:</strong></span> <span class='ocrx_word' id='word_1_80' title='bbox 714 1874 803 1961; x_wconf 92' lang='lat' dir='ltr'><strong>quod</strong></span> <span class='ocrx_word' id='word_1_81' title='bbox 824 1896 890 1938; x_wconf 65' lang='lat' dir='ltr'><strong>non&gt;</strong></span> <span class='ocrx_word' id='word_1_82' title='bbox 909 1874 1003 1938; x_wconf 89' lang='lat' dir='ltr'><strong>modo</strong></span> <span class='ocrx_word' id='word_1_83' title='bbox 1023 1874 1164 1941; x_wconf 88' lang='lat' dir='ltr'><strong>fidelium</strong></span> <span class='ocrx_word' id='word_1_84' title='bbox 1186 1878 1277 1943; x_wconf 85' lang='lat' dir='ltr'><strong>insti·</strong></span> 
     </span>
     <span class='ocr_line' id='line_1_13' title="bbox 323 1975 1276 2063; baseline 0.004 -24"><span class='ocrx_word' id='word_1_85' title='bbox 323 1976 421 2051; x_wconf 82' lang='lat' dir='ltr'><strong>tutis3</strong></span> <span class='ocrx_word' id='word_1_86' title='bbox 447 1976 502 2041; x_wconf 89' lang='lat' dir='ltr'><strong>sed</strong></span> <span class='ocrx_word' id='word_1_87' title='bbox 514 1976 795 2043; x_wconf 87' lang='lat' dir='ltr'><strong>constitutionibus</strong></span> <span class='ocrx_word' id='word_1_88' title='bbox 810 1975 966 2059; x_wconf 84' lang='lat' dir='ltr'><strong>gentium,</strong></span> <span class='ocrx_word' id='word_1_89' title='bbox 982 1988 1014 2042; x_wconf 91' lang='lat' dir='ltr'><strong>et</strong></span> <span class='ocrx_word' id='word_1_90' title='bbox 1029 1978 1276 2063; x_wconf 87' lang='lat' dir='ltr'><strong>sapientissimo-</strong></span> 
     </span>
     <span class='ocr_line' id='line_1_14' title="bbox 324 2076 1276 2165; baseline 0.006 -25"><span class='ocrx_word' id='word_1_91' title='bbox 324 2100 396 2141; x_wconf 84' lang='lat' dir='ltr'><strong>rum</strong></span> <span class='ocrx_word' id='word_1_92' title='bbox 411 2076 523 2143; x_wconf 89' lang='lat' dir='ltr'><strong>edictis</strong></span> <span class='ocrx_word' id='word_1_93' title='bbox 538 2091 661 2143; x_wconf 86' lang='lat' dir='ltr'><strong>constat</strong></span> <span class='ocrx_word' id='word_1_94' title='bbox 677 2100 743 2141; x_wconf 92' lang='lat' dir='ltr'><strong>esse</strong></span> <span class='ocrx_word' id='word_1_95' title='bbox 759 2076 969 2163; x_wconf 84' lang='lat' dir='ltr'><strong>prohibitum.</strong></span> <span class='ocrx_word' id='word_1_96' title='bbox 1007 2077 1130 2143; x_wconf 87' lang='lat' dir='ltr'><strong>Veteris</strong></span> <span class='ocrx_word' id='word_1_97' title='bbox 1144 2079 1276 2165; x_wconf 90' lang='lat' dir='ltr'><strong>quidem</strong></span> 
     </span>
     <span class='ocr_line' id='line_1_15' title="bbox 322 2178 1275 2267; baseline 0.003 -24"><span class='ocrx_word' id='word_1_98' title='bbox 322 2178 533 2264; x_wconf 78' lang='lat' dir='ltr'><strong>philosophiae</strong></span> <span class='ocrx_word' id='word_1_99' title='bbox 557 2179 717 2267; x_wconf 86' lang='lat' dir='ltr'><strong>principes</strong></span> <span class='ocrx_word' id='word_1_100' title='bbox 745 2178 946 2264; x_wconf 86' lang='lat' dir='ltr'><strong>Pythagoras</strong></span> <span class='ocrx_word' id='word_1_101' title='bbox 972 2190 1004 2244; x_wconf 90' lang='lat' dir='ltr'><strong>et</strong></span> <span class='ocrx_word' id='word_1_102' title='bbox 1029 2178 1175 2245; x_wconf 88' lang='lat' dir='ltr'><strong>Plotinus</strong></span> <span class='ocrx_word' id='word_1_103' title='bbox 1201 2202 1275 2267; x_wconf 91' lang='lat' dir='ltr'><strong>pro·</strong></span> 
     </span>
     <span class='ocr_line' id='line_1_16' title="bbox 322 2280 1275 2367; baseline 0.004 -25"><span class='ocrx_word' id='word_1_104' title='bbox 322 2280 485 2345; x_wconf 85' lang='lat' dir='ltr'><strong>bibitionis</strong></span> <span class='ocrx_word' id='word_1_105' title='bbox 497 2281 595 2367; x_wconf 92' lang='lat' dir='ltr'><strong>hujus</strong></span> <span class='ocrx_word' id='word_1_106' title='bbox 605 2303 666 2345; x_wconf 92' lang='lat' dir='ltr'><strong>non</strong></span> <span class='ocrx_word' id='word_1_107' title='bbox 680 2293 745 2345; x_wconf 91' lang='lat' dir='ltr'><strong>tam</strong></span> <span class='ocrx_word' id='word_1_108' title='bbox 755 2290 903 2343; x_wconf 86' lang='lat' dir='ltr'><strong>auctores</strong></span> <span class='ocrx_word' id='word_1_109' title='bbox 913 2291 987 2344; x_wconf 88' lang='lat' dir='ltr'><strong>sunt</strong></span> <span class='ocrx_word' id='word_1_110' title='bbox 996 2302 1093 2365; x_wconf 90' lang='lat' dir='ltr'><strong>quam</strong></span> <span class='ocrx_word' id='word_1_111' title='bbox 1103 2304 1275 2367; x_wconf 75' lang='lat' dir='ltr'><strong>praecones,</strong></span> 
     </span>
     <span class='ocr_line' id='line_1_17' title="bbox 322 2379 1275 2465; baseline 0.005 -23"><span class='ocrx_word' id='word_1_112' title='bbox 322 2381 450 2443; x_wconf 90' lang='lat' dir='ltr'><strong>omnino</strong></span> <span class='ocrx_word' id='word_1_113' title='bbox 479 2379 628 2445; x_wconf 89' lang='lat' dir='ltr'><strong>illicitum</strong></span> <span class='ocrx_word' id='word_1_114' title='bbox 659 2402 727 2445; x_wconf 90' lang='lat' dir='ltr'><strong>esse</strong></span> <span class='ocrx_word' id='word_1_115' title='bbox 756 2379 909 2461; x_wconf 87' lang='lat' dir='ltr'><strong>dicentes,</strong></span> <span class='ocrx_word' id='word_1_116' title='bbox 937 2379 1121 2465; x_wconf 87' lang='lat' dir='ltr'><strong>quempiam</strong></span> <span class='ocrx_word' id='word_1_117' title='bbox 1151 2382 1275 2447; x_wconf 84' lang='lat' dir='ltr'><strong>militiae</strong></span> 
     </span>
     <span class='ocr_line' id='line_1_18' title="bbox 323 2480 1274 2568; baseline 0.004 -23"><span class='ocrx_word' id='word_1_118' title='bbox 323 2483 509 2546; x_wconf 86' lang='lat' dir='ltr'><strong>servientem</strong></span> <span class='ocrx_word' id='word_1_119' title='bbox 525 2505 545 2546; x_wconf 89' lang='lat' dir='ltr'><strong>a</strong></span> <span class='ocrx_word' id='word_1_120' title='bbox 564 2480 713 2568; x_wconf 86' lang='lat' dir='ltr'><strong>praesidio</strong></span> <span class='ocrx_word' id='word_1_121' title='bbox 730 2495 762 2549; x_wconf 91' lang='lat' dir='ltr'><strong>et</strong></span> <span class='ocrx_word' id='word_1_122' title='bbox 785 2481 951 2545; x_wconf 90' lang='lat' dir='ltr'><strong>commissa</strong></span> <span class='ocrx_word' id='word_1_123' title='bbox 973 2482 1034 2546; x_wconf 83' lang='lat' dir='ltr'><strong>sibi</strong></span> <span class='ocrx_word' id='word_1_124' title='bbox 1055 2483 1190 2547; x_wconf 89' lang='lat' dir='ltr'><strong>statione</strong></span> <span class='ocrx_word' id='word_1_125' title='bbox 1210 2484 1274 2550; x_wconf 87' lang='lat' dir='ltr'><strong>dis·</strong></span> 
     </span>
     <span class='ocr_line' id='line_1_19' title="bbox 322 2582 1275 2671; baseline 0.004 -24"><span class='ocrx_word' id='word_1_126' title='bbox 322 2584 444 2661; x_wconf 89' lang='lat' dir='ltr'><strong>cedere,</strong></span> <span class='ocrx_word' id='word_1_127' title='bbox 470 2585 550 2649; x_wconf 88' lang='lat' dir='ltr'><strong>citra</strong></span> <span class='ocrx_word' id='word_1_128' title='bbox 575 2585 668 2650; x_wconf 88' lang='lat' dir='ltr'><strong>ducis</strong></span> <span class='ocrx_word' id='word_1_129' title='bbox 693 2584 741 2648; x_wconf 90' lang='lat' dir='ltr'><strong>vel</strong></span> <span class='ocrx_word' id='word_1_130' title='bbox 771 2584 924 2671; x_wconf 79' lang='lat' dir='ltr'><strong>principis</strong></span> <span class='ocrx_word' id='word_1_131' title='bbox 948 2582 1132 2669; x_wconf 87' lang='lat' dir='ltr'><strong>jussionem.</strong></span> <span class='ocrx_word' id='word_1_132' title='bbox 1177 2585 1275 2651; x_wconf 88' lang='lat' dir='ltr'><strong>Plane</strong></span> 
     </span>
     <span class='ocr_line' id='line_1_20' title="bbox 321 2682 1275 2771; baseline 0.004 -23"><span class='ocrx_word' id='word_1_133' title='bbox 321 2684 459 2770; x_wconf 88' lang='lat' dir='ltr'><strong>eleganti</strong></span> <span class='ocrx_word' id='word_1_134' title='bbox 481 2686 628 2771; x_wconf 86' lang='lat' dir='ltr'><strong>exemplo</strong></span> <span class='ocrx_word' id='word_1_135' title='bbox 652 2686 698 2751; x_wconf 88' lang='lat' dir='ltr'><strong>usi</strong></span> <span class='ocrx_word' id='word_1_136' title='bbox 721 2699 807 2763; x_wconf 89' lang='lat' dir='ltr'><strong>sunt,</strong></span> <span class='ocrx_word' id='word_1_137' title='bbox 831 2685 980 2771; x_wconf 90' lang='lat' dir='ltr'><strong>eoquod</strong></span> <span class='ocrx_word' id='word_1_138' title='bbox 1003 2682 1115 2749; x_wconf 89' lang='lat' dir='ltr'><strong>militia</strong></span> <span class='ocrx_word' id='word_1_139' title='bbox 1137 2697 1185 2749; x_wconf 85' lang='lat' dir='ltr'><strong>est</strong></span> <span class='ocrx_word' id='word_1_140' title='bbox 1209 2686 1275 2752; x_wconf 84' lang='lat' dir='ltr'><strong>vita</strong></span> 
     </span>
     <span class='ocr_line' id='line_1_21' title="bbox 321 2786 1276 2873; baseline 0.005 -24"><span class='ocrx_word' id='word_1_141' title='bbox 321 2787 458 2850; x_wconf 90' lang='lat' dir='ltr'><strong>bominis</strong></span> <span class='ocrx_word' id='word_1_142' title='bbox 469 2810 564 2872; x_wconf 89' lang='lat' dir='ltr'><strong>super</strong></span> <span class='ocrx_word' id='word_1_143' title='bbox 576 2802 704 2855; x_wconf 88' lang='lat' dir='ltr'><strong>terram.</strong></span> <span class='ocrx_word' id='word_1_144' title='bbox 739 2787 826 2862; x_wconf 86' lang='lat' dir='ltr'><strong>Quid</strong></span> <span class='ocrx_word' id='word_1_145' title='bbox 840 2787 865 2851; x_wconf 91' lang='lat' dir='ltr'><strong>si</strong></span> <span class='ocrx_word' id='word_1_146' title='bbox 877 2800 987 2851; x_wconf 90' lang='lat' dir='ltr'><strong>contra</strong></span> <span class='ocrx_word' id='word_1_147' title='bbox 998 2786 1134 2873; x_wconf 90' lang='lat' dir='ltr'><strong>jubeant</strong></span> <span class='ocrx_word' id='word_1_148' title='bbox 1146 2786 1276 2854; x_wconf 83' lang='lat' dir='ltr'><strong>oracula</strong></span> 
     </span>
     <span class='ocr_line' id='line_1_22' title="bbox 322 2886 1274 2975; baseline 0.003 -25"><span class='ocrx_word' id='word_1_149' title='bbox 322 2900 446 2964; x_wconf 89' lang='lat' dir='ltr'><strong>vatum,</strong></span> <span class='ocrx_word' id='word_1_150' title='bbox 463 2888 512 2951; x_wconf 89' lang='lat' dir='ltr'><strong>vel</strong></span> <span class='ocrx_word' id='word_1_151' title='bbox 528 2911 677 2975; x_wconf 89' lang='lat' dir='ltr'><strong>responsa</strong></span> <span class='ocrx_word' id='word_1_152' title='bbox 693 2887 874 2975; x_wconf 83' lang='lat' dir='ltr'><strong>Pythonis?</strong></span> <span class='ocrx_word' id='word_1_153' title='bbox 898 2887 1017 2953; x_wconf 88' lang='lat' dir='ltr'><strong>Procul</strong></span> <span class='ocrx_word' id='word_1_154' title='bbox 1033 2886 1131 2952; x_wconf 92' lang='lat' dir='ltr'><strong>dubio</strong></span> <span class='ocrx_word' id='word_1_155' title='bbox 1146 2887 1274 2953; x_wconf 88' lang='lat' dir='ltr'><strong>minime</strong></span> 
     </span>
     <span class='ocr_line' id='line_1_23' title="bbox 322 2989 1274 3080; baseline 0 -25"><span class='ocrx_word' id='word_1_156' title='bbox 322 2989 474 3055; x_wconf 87' lang='lat' dir='ltr'><strong>audiendi</strong></span> <span class='ocrx_word' id='word_1_157' title='bbox 499 3006 586 3071; x_wconf 87' lang='lat' dir='ltr'><strong>sunt,</strong></span> <span class='ocrx_word' id='word_1_158' title='bbox 605 2994 684 3080; x_wconf 92' lang='lat' dir='ltr'><strong>quia</strong></span> <span class='ocrx_word' id='word_1_159' title='bbox 704 3015 776 3057; x_wconf 92' lang='lat' dir='ltr'><strong>cum</strong></span> <span class='ocrx_word' id='word_1_160' title='bbox 796 2992 939 3079; x_wconf 88' lang='lat' dir='ltr'><strong>periculo</strong></span> <span class='ocrx_word' id='word_1_161' title='bbox 962 2989 1160 3067; x_wconf 90' lang='lat' dir='ltr'><strong>innocentiae,</strong></span> <span class='ocrx_word' id='word_1_162' title='bbox 1181 3014 1274 3055; x_wconf 91' lang='lat' dir='ltr'><strong>nemo</strong></span> 
     </span>
     <span class='ocr_line' id='line_1_24' title="bbox 321 3090 1273 3177; baseline 0.003 -22"><span class='ocrx_word' id='word_1_163' title='bbox 321 3091 470 3177; x_wconf 89' lang='lat' dir='ltr'><strong>cuiquam</strong></span> <span class='ocrx_word' id='word_1_164' title='bbox 491 3093 586 3159; x_wconf 92' lang='lat' dir='ltr'><strong>debet</strong></span> <span class='ocrx_word' id='word_1_165' title='bbox 607 3095 714 3159; x_wconf 85' lang='lat' dir='ltr'><strong>fidem.</strong></span> <span class='ocrx_word' id='word_1_166' title='bbox 762 3094 795 3158; x_wconf 83' lang='lat' dir='ltr'><strong>Si</strong></span> <span class='ocrx_word' id='word_1_167' title='bbox 818 3093 896 3157; x_wconf 91' lang='lat' dir='ltr'><strong>mihi</strong></span> <span class='ocrx_word' id='word_1_168' title='bbox 916 3115 979 3156; x_wconf 93' lang='lat' dir='ltr'><strong>non</strong></span> <span class='ocrx_word' id='word_1_169' title='bbox 999 3090 1112 3168; x_wconf 89' lang='lat' dir='ltr'><strong>credis,</strong></span> <span class='ocrx_word' id='word_1_170' title='bbox 1132 3096 1273 3158; x_wconf 84' lang='lat' dir='ltr'><strong>Numam</strong></span> 
     </span>
     <span class='ocr_line' id='line_1_25' title="bbox 320 3191 1274 3281; baseline 0 -25"><span class='ocrx_word' id='word_1_171' title='bbox 320 3193 538 3258; x_wconf 87' lang='lat' dir='ltr'><strong>Romanorum</strong></span> <span class='ocrx_word' id='word_1_172' title='bbox 557 3196 787 3281; x_wconf 88' lang='lat' dir='ltr'><strong>Imperatorem</strong></span> <span class='ocrx_word' id='word_1_173' title='bbox 803 3194 870 3257; x_wconf 84' lang='lat' dir='ltr'><strong>fere</strong></span> <span class='ocrx_word' id='word_1_174' title='bbox 884 3191 1176 3256; x_wconf 91' lang='lat' dir='ltr'><strong>innocentissimum</strong></span> <span class='ocrx_word' id='word_1_175' title='bbox 1192 3214 1274 3278; x_wconf 88' lang='lat' dir='ltr'><strong>prae·</strong></span> 
     </span>
     <span class='ocr_line' id='line_1_26' title="bbox 322 3292 1272 3383; baseline 0.001 -26"><span class='ocrx_word' id='word_1_176' title='bbox 322 3307 370 3358; x_wconf 89' lang='lat' dir='ltr'><strong>ter</strong></span> <span class='ocrx_word' id='word_1_177' title='bbox 394 3296 520 3375; x_wconf 90' lang='lat' dir='ltr'><strong>Titum,</strong></span> <span class='ocrx_word' id='word_1_178' title='bbox 541 3296 566 3360; x_wconf 91' lang='lat' dir='ltr'><strong>si</strong></span> <span class='ocrx_word' id='word_1_179' title='bbox 588 3296 704 3383; x_wconf 91' lang='lat' dir='ltr'><strong>placet,</strong></span> <span class='ocrx_word' id='word_1_180' title='bbox 723 3296 866 3361; x_wconf 86' lang='lat' dir='ltr'><strong>attende.</strong></span> <span class='ocrx_word' id='word_1_181' title='bbox 910 3298 1010 3358; x_wconf 88' lang='lat' dir='ltr'><strong>Dum·</strong></span> <span class='ocrx_word' id='word_1_182' title='bbox 1021 3292 1212 3357; x_wconf 87' lang='lat' dir='ltr'><strong>invitaretur</strong></span> <span class='ocrx_word' id='word_1_183' title='bbox 1230 3294 1272 3358; x_wconf 89' lang='lat' dir='ltr'><strong>ad</strong></span> 
     </span>
     <span class='ocr_line' id='line_1_27' title="bbox 321 3393 1273 3484; baseline -0.002 -25"><span class='ocrx_word' id='word_1_184' title='bbox 321 3396 541 3473; x_wconf 91' lang='lat' dir='ltr'><strong>homicidium,</strong></span> <span class='ocrx_word' id='word_1_185' title='bbox 557 3398 659 3483; x_wconf 88' lang='lat' dir='ltr'><strong>petito</strong></span> <span class='ocrx_word' id='word_1_186' title='bbox 673 3397 777 3484; x_wconf 91' lang='lat' dir='ltr'><strong>capite</strong></span> <span class='ocrx_word' id='word_1_187' title='bbox 792 3396 833 3460; x_wconf 89' lang='lat' dir='ltr'><strong>ad</strong></span> <span class='ocrx_word' id='word_1_188' title='bbox 850 3395 1011 3474; x_wconf 86' lang='lat' dir='ltr'><strong>sacrificia,</strong></span> <span class='ocrx_word' id='word_1_189' title='bbox 1025 3393 1147 3458; x_wconf 90' lang='lat' dir='ltr'><strong>censuit</strong></span> <span class='ocrx_word' id='word_1_190' title='bbox 1162 3417 1273 3480; x_wconf 91' lang='lat' dir='ltr'><strong>cepam</strong></span> 
     </span>
     <span class='ocr_line' id='line_1_28' title="bbox 322 3494 1273 3581; baseline 0.001 -23"><span class='ocrx_word' id='word_1_191' title='bbox 322 3518 389 3559; x_wconf 92' lang='lat' dir='ltr'><strong>esse</strong></span> <span class='ocrx_word' id='word_1_192' title='bbox 407 3494 603 3578; x_wconf 86' lang='lat' dir='ltr'><strong>caedendam,</strong></span> <span class='ocrx_word' id='word_1_193' title='bbox 617 3496 782 3561; x_wconf 87' lang='lat' dir='ltr'><strong>reflectens</strong></span> <span class='ocrx_word' id='word_1_194' title='bbox 802 3496 844 3560; x_wconf 90' lang='lat' dir='ltr'><strong>ad</strong></span> <span class='ocrx_word' id='word_1_195' title='bbox 863 3494 1074 3560; x_wconf 91' lang='lat' dir='ltr'><strong>innocentiam</strong></span> <span class='ocrx_word' id='word_1_196' title='bbox 1090 3496 1186 3559; x_wconf 89' lang='lat' dir='ltr'><strong>etiam</strong></span> <span class='ocrx_word' id='word_1_197' title='bbox 1201 3517 1273 3581; x_wconf 93' lang='lat' dir='ltr'><strong>per·</strong></span> 
     </span>
     <span class='ocr_line' id='line_1_29' title="bbox 321 3595 1274 3683; baseline 0.002 -23"><span class='ocrx_word' id='word_1_198' title='bbox 321 3595 402 3660; x_wconf 83' lang='lat' dir='ltr'><strong>versi</strong></span> <span class='ocrx_word' id='word_1_199' title='bbox 418 3596 558 3660; x_wconf 88' lang='lat' dir='ltr'><strong>numinis</strong></span> <span class='ocrx_word' id='word_1_200' title='bbox 571 3600 776 3661; x_wconf 84' lang='lat' dir='ltr'><strong>voluntatem.</strong></span> <span class='ocrx_word' id='word_1_201' title='bbox 800 3600 847 3661; x_wconf 89' lang='lat' dir='ltr'><strong>At</strong></span> <span class='ocrx_word' id='word_1_202' title='bbox 861 3620 961 3682; x_wconf 93' lang='lat' dir='ltr'><strong>quum</strong></span> <span class='ocrx_word' id='word_1_203' title='bbox 977 3596 1113 3660; x_wconf 92' lang='lat' dir='ltr'><strong>hominis</strong></span> <span class='ocrx_word' id='word_1_204' title='bbox 1123 3596 1274 3683; x_wconf 90' lang='lat' dir='ltr'><strong>adjicere-</strong></span> 
     </span>
     <span class='ocr_line' id='line_1_30' title="bbox 318 3696 1272 3785; baseline 0.002 -23"><span class='ocrx_word' id='word_1_205' title='bbox 318 3710 372 3763; x_wconf 87' lang='lat' dir='ltr'><strong>tur</strong></span> <span class='ocrx_word' id='word_1_206' title='bbox 393 3722 413 3761; x_wconf 93' lang='lat' dir='ltr'><strong>a</strong></span> <span class='ocrx_word' id='word_1_207' title='bbox 438 3699 579 3775; x_wconf 90' lang='lat' dir='ltr'><strong>numine,</strong></span> <span class='ocrx_word' id='word_1_208' title='bbox 605 3699 737 3785; x_wconf 88' lang='lat' dir='ltr'><strong>capillos</strong></span> <span class='ocrx_word' id='word_1_209' title='bbox 763 3721 795 3761; x_wconf 91' lang='lat' dir='ltr'><strong>se</strong></span> <span class='ocrx_word' id='word_1_210' title='bbox 819 3698 978 3783; x_wconf 91' lang='lat' dir='ltr'><strong>pollicitus</strong></span> <span class='ocrx_word' id='word_1_211' title='bbox 1004 3709 1050 3761; x_wconf 91' lang='lat' dir='ltr'><strong>est</strong></span> <span class='ocrx_word' id='word_1_212' title='bbox 1077 3696 1272 3765; x_wconf 90' lang='lat' dir='ltr'><strong>oblaturum.</strong></span> 
     </span>
     <span class='ocr_line' id='line_1_31' title="bbox 264 3796 1272 3885; baseline 0.001 -24"><span class='ocrx_word' id='word_1_213' title='bbox 264 3850 267 3854; x_wconf 88' lang='lat'>.</span> <span class='ocrx_word' id='word_1_214' title='bbox 322 3804 432 3873; x_wconf 87' lang='lat' dir='ltr'><strong>Quum</strong></span> <span class='ocrx_word' id='word_1_215' title='bbox 455 3822 531 3862; x_wconf 89' lang='lat' dir='ltr'><strong>vero</strong></span> <span class='ocrx_word' id='word_1_216' title='bbox 554 3799 686 3885; x_wconf 87' lang='lat' dir='ltr'><strong>spiritus</strong></span> <span class='ocrx_word' id='word_1_217' title='bbox 708 3796 894 3862; x_wconf 92' lang='lat' dir='ltr'><strong>immundus</strong></span> <span class='ocrx_word' id='word_1_218' title='bbox 908 3796 1011 3863; x_wconf 90' lang='lat' dir='ltr'><strong>sitiret</strong></span> <span class='ocrx_word' id='word_1_219' title='bbox 1026 3810 1058 3862; x_wconf 89' lang='lat' dir='ltr'><strong>et</strong></span> <span class='ocrx_word' id='word_1_220' title='bbox 1073 3798 1272 3882; x_wconf 87' lang='lat' dir='ltr'><strong>sauguinem,</strong></span> 
     </span>
     <span class='ocr_line' id='line_1_32' title="bbox 319 3897 1273 3985; baseline -0.001 -22"><span class='ocrx_word' id='word_1_221' title='bbox 319 3899 438 3985; x_wconf 88' lang='lat' dir='ltr'><strong>piscem</strong></span> <span class='ocrx_word' id='word_1_222' title='bbox 448 3898 677 3963; x_wconf 90' lang='lat' dir='ltr'><strong>immolandum</strong></span> <span class='ocrx_word' id='word_1_223' title='bbox 686 3921 755 3962; x_wconf 85' lang='lat' dir='ltr'><strong>esse</strong></span> <span class='ocrx_word' id='word_1_224' title='bbox 766 3898 942 3983; x_wconf 90' lang='lat' dir='ltr'><strong>respondit.</strong></span> <span class='ocrx_word' id='word_1_225' title='bbox 987 3897 1038 3962; x_wconf 87' lang='lat' dir='ltr'><strong>Sic</strong></span> <span class='ocrx_word' id='word_1_226' title='bbox 1047 3898 1156 3984; x_wconf 92' lang='lat' dir='ltr'><strong>itaque</strong></span> <span class='ocrx_word' id='word_1_227' title='bbox 1171 3920 1273 3985; x_wconf 90' lang='lat' dir='ltr'><strong>quum</strong></span> 
     </span>
     <span class='ocr_line' id='line_1_33' title="bbox 318 3998 1272 4087; baseline -0.004 -21"><span class='ocrx_word' id='word_1_228' title='bbox 318 4002 401 4066; x_wconf 89' lang='lat' dir='ltr'><strong>ratio</strong></span> <span class='ocrx_word' id='word_1_229' title='bbox 420 4002 491 4087; x_wconf 85' lang='lat' dir='ltr'><strong>ejus</strong></span> <span class='ocrx_word' id='word_1_230' title='bbox 513 3998 735 4064; x_wconf 84' lang='lat' dir='ltr'><strong>circumveniri</strong></span> <span class='ocrx_word' id='word_1_231' title='bbox 758 4023 820 4064; x_wconf 91' lang='lat' dir='ltr'><strong>non</strong></span> <span class='ocrx_word' id='word_1_232' title='bbox 840 4011 958 4084; x_wconf 90' lang='lat' dir='ltr'><strong>posset,</strong></span> <span class='ocrx_word' id='word_1_233' title='bbox 973 4012 1010 4063; x_wconf 93' lang='lat' dir='ltr'><strong>ut</strong></span> <span class='ocrx_word' id='word_1_234' title='bbox 1030 3999 1211 4064; x_wconf 85' lang='lat' dir='ltr'><strong>traheretur</strong></span> <span class='ocrx_word' id='word_1_235' title='bbox 1231 3998 1272 4063; x_wconf 92' lang='lat' dir='ltr'><strong>ad</strong></span> 
     </span>
     <span class='ocr_line' id='line_1_34' title="bbox 320 4099 1273 4188; baseline -0.002 -23"><span class='ocrx_word' id='word_1_236' title='bbox 320 4102 458 4188; x_wconf 89' lang='lat' dir='ltr'><strong>culpam,</strong></span> <span class='ocrx_word' id='word_1_237' title='bbox 469 4102 708 4166; x_wconf 92' lang='lat' dir='ltr'><strong>immundorum</strong></span> <span class='ocrx_word' id='word_1_238' title='bbox 725 4100 896 4186; x_wconf 87' lang='lat' dir='ltr'><strong>spirituum</strong></span> <span class='ocrx_word' id='word_1_239' title='bbox 910 4100 1101 4176; x_wconf 88' lang='lat' dir='ltr'><strong>testimonio,</strong></span> <span class='ocrx_word' id='word_1_240' title='bbox 1113 4099 1273 4185; x_wconf 90' lang='lat' dir='ltr'><strong>colloquio</strong></span> 
     </span>
     <span class='ocr_line' id='line_1_35' title="bbox 229 4199 1273 4288; baseline 0 -23"><span class='ocrx_word' id='word_1_241' title='bbox 229 4265 231 4273; x_wconf 84' lang='grc'>,</span> <span class='ocrx_word' id='word_1_242' title='bbox 320 4205 463 4266; x_wconf 88' lang='lat' dir='ltr'><strong>Deorum</strong></span> <span class='ocrx_word' id='word_1_243' title='bbox 477 4202 706 4288; x_wconf 87' lang='lat' dir='ltr'><strong>pronunciatus</strong></span> <span class='ocrx_word' id='word_1_244' title='bbox 721 4216 770 4268; x_wconf 85' lang='lat' dir='ltr'><strong>est</strong></span> <span class='ocrx_word' id='word_1_245' title='bbox 790 4226 864 4266; x_wconf 89' lang='lat' dir='ltr'><strong>esse·</strong></span> <span class='ocrx_word' id='word_1_246' title='bbox 880 4202 1095 4287; x_wconf 81' lang='lat' dir='ltr'><strong>dignissimus.</strong></span> <span class='ocrx_word' id='word_1_247' title='bbox 1142 4199 1273 4282; x_wconf 79' lang='lat' dir='ltr'><strong>Necest</strong></span> 
     </span>
     <span class='ocr_line' id='line_1_36' title="bbox 321 4301 1273 4389; baseline -0.003 -24"><span class='ocrx_word' id='word_1_248' title='bbox 321 4302 410 4387; x_wconf 91' lang='lat' dir='ltr'><strong>quod</strong></span> <span class='ocrx_word' id='word_1_249' title='bbox 426 4303 486 4368; x_wconf 93' lang='lat' dir='ltr'><strong>sub</strong></span> <span class='ocrx_word' id='word_1_250' title='bbox 501 4307 748 4369; x_wconf 88' lang='lat' dir='ltr'><strong>exorcismorum</strong></span> <span class='ocrx_word' id='word_1_251' title='bbox 764 4316 938 4389; x_wconf 82' lang='lat' dir='ltr'><strong>praetextu,</strong></span> <span class='ocrx_word' id='word_1_252' title='bbox 948 4324 1040 4367; x_wconf 87' lang='lat' dir='ltr'><strong>suum</strong></span> <span class='ocrx_word' id='word_1_253' title='bbox 1056 4301 1130 4387; x_wconf 89' lang='lat' dir='ltr'><strong>quis</strong></span> <span class='ocrx_word' id='word_1_254' title='bbox 1144 4313 1273 4367; x_wconf 88' lang='lat' dir='ltr'><strong>tueatur</strong></span> 
     </span>
    </p>
   </div>
   <div class='ocr_carea' id='block_1_3' title="bbox 0 0 1696 5234">
    <p class='ocr_par' dir='ltr' id='par_1_3' title="bbox 0 0 1696 5234">
     <span class='ocr_line' id='line_1_37' title="bbox 0 0 1696 5234; baseline 0 0"><span class='ocrx_word' id='word_1_255' title='bbox 0 0 1696 5234; x_wconf 95' lang='lat' dir='ltr'><strong> </strong></span> 
     </span>
    </p>
   </div>
  </div>
 </body>
</html>
