3384 5234
411 687 474 750 300
659 697 796 743 mamus
812 692 1091 741 saansannmnsrs
1231 671 1313 751 [mn.
1330 690 1363 737 v.

415 853 544 931 tutiora,
566 863 598 916 et
623 850 680 926 eis,
703 847 792 933 quod
813 868 939 911 necesse
963 855 1022 924 est,
1043 842 1212 920 ministrat,
1229 866 1287 908 nec
1308 847 1368 911 unss

414 977 512 1042 quam
538 952 604 1017 sine
630 950 740 1015 salutis
770 972 835 1013 suae
866 944 1043 1032 dispendio,
1069 944 1281 1009 exterioribus
1310 969 1368 1011 ex-

415 1070 590 1143 ponuntur.
635 1056 770 1138 Oportet
791 1063 897 1115 autem
913 1049 945 1112 in
962 1046 1127 1132 republica
1143 1048 1224 1110 hanc
1239 1061 1367 1113 naturae

413 1157 536 1245 opificis
550 1154 668 1221 servari
679 1154 861 1237 imaginem,
872 1164 905 1215 et
916 1151 966 1214 his
980 1149 1225 1214 necessariorum
1240 1151 1365 1237 copiam

416 1260 457 1324 de
471 1257 601 1347 publico
615 1253 797 1320 ministrari.

420 1534 498 1619 Cap.
519 1537 567 1597 10.
590 1534 644 1596 De
658 1530 814 1595 luteribus
827 1535 1030 1611 potertatum,
1047 1548 1183 1609 quorum
1196 1532 1372 1593 necmattua

461 1637 618 1719 captando
634 1640 690 1707 est,
707 1633 833 1695 matitia
847 1630 1064 1714 reprimendo,
1078 1631 1124 1711 [et
1134 1632 1173 1693 de
1186 1632 1370 1711 caumata,

461 1757 594 1818 quorum
615 1738 732 1816 lingua
753 1733 941 1813 damnifica,
963 1732 1029 1793 nisi
1045 1730 1187 1812 sonibus
1206 1735 1372 1811 argenteio

461 1841 570 1902 vincta
587 1839 708 1919 suerit,
730 1836 768 1898 de
789 1853 959 1896 munerum
982 1833 1207 1913 acceptoribus,
1230 1839 1261 1896 et
1282 1834 1372 1915 quod

461 1961 582 2003 munuc
601 1948 648 2002 cst
661 1961 681 2001 a
697 1958 809 2012 manu,
824 1959 845 1999 a
861 1956 972 2009 causa,
988 1958 1008 1999 a
1025 1941 1175 2016 temporo,
1187 1957 1210 1998 o
1230 1936 1304 2011 loco,
1320 1938 1372 1999 oet

463 2042 579 2119 modo]

464 2173 533 2235 Suu
558 2182 590 2232 et
616 2169 648 2231 in
675 2168 837 2246 lateribus,
863 2169 912 2231 bis
938 2167 1056 2232 scilicet
1084 2168 1141 2254 qui
1174 2165 1370 2253 principibus

419 2272 535 2339 debent
558 2268 713 2345 assistere,
737 2268 806 2333 baro
829 2281 951 2332 naturoe
976 2268 1114 2331 formula
1136 2267 1288 2332 servanda
1310 2282 1368 2332 est.

422 2377 556 2439 Constat
572 2370 656 2435 enim
672 2374 749 2455 quia
764 2392 783 2433 a
797 2374 945 2434 convictu
964 2392 1064 2434 mores
1078 2370 1267 2434 formantur.
1306 2369 1372 2447 Qui

419 2474 521 2559 tangit
537 2472 638 2561 picem
654 2471 874 2559 inquinabitur
889 2472 929 2535 ab
944 2494 991 2550 ea,

526 2590 637 2659 Uvaqua
649 2594 767 2643 contacta
777 2589 885 2643 livorem
897 2588 968 2642 ducit
978 2590 1011 2642 ab
1023 2607 1082 2642 uva.

422 2700 492 2761 Nec
503 2694 590 2760 domi
602 2693 728 2758 illorum
740 2693 900 2777 justitiam
913 2715 980 2757 esse
990 2693 1111 2769 credas,
1123 2707 1180 2758 aut
1192 2694 1372 2769 veritatem,

420 2811 477 2860 aut
503 2796 666 2881 pietatem,
689 2794 775 2879 apud
800 2816 883 2879 quos
908 2793 997 2857 vides
1019 2796 1125 2858 omnia
1146 2818 1213 2859 esse
1236 2795 1371 2860 venalia.

423 2898 572 2963 Christus
587 2898 655 2982 ipse
666 2896 815 2961 exclusus
829 2909 888 2973 est,
900 2907 932 2960 et
948 2896 973 2960 si
988 2898 1095 2982 pulsat
1110 2897 1151 2962 ad
1166 2897 1295 2974 ostium,
1307 2920 1372 2961 non

422 2998 566 3085 aperitur
581 2998 620 3073 ei,
636 2996 767 3082 fugiunt
787 3008 820 3060 et
842 2996 956 3079 fugant
971 2998 1118 3081 gratiam,
1135 3001 1190 3084 qui
1210 2997 1316 3061 omnia
1331 2997 1373 3061 ad

421 3104 571 3187 pretium,
580 3113 611 3164 et
627 3099 727 3185 gratis
738 3098 861 3163 faciunt
876 3097 964 3163 nihil.
1002 3099 1036 3165 Si
1048 3121 1156 3186 preces
1170 3097 1373 3183 porrigendae

422 3215 508 3279 sunt,
532 3202 557 3265 si
580 3223 673 3265 causa
698 3200 920 3281 examinanda,
942 3200 967 3263 si
989 3201 1167 3267 executioni
1194 3200 1375 3265 mandanda

422 3300 588 3379 sententia,
604 3301 629 3365 si
649 3300 842 3365 conficienda
865 3302 982 3379 cautio,
998 3305 1104 3367 omnia
1125 3325 1275 3368 nummus
1295 3302 1375 3385 agit,

423 3403 538 3469 veritas
552 3425 637 3467 caeca
650 3413 710 3480 est,
727 3401 827 3488 pietas
843 3426 965 3484 manca,
980 3403 1058 3467 dum

527 3522 659 3584 Quantum
670 3520 776 3589 quisque
788 3537 836 3572 sua
846 3539 1009 3575 nummorum
1019 3527 1106 3576 servat
1117 3523 1143 3575 in
1155 3541 1223 3589 arca,

531 3604 647 3658 Tantum
659 3606 740 3659 habet
751 3611 779 3659 et
789 3605 862 3659 fidei.
873 3638 945 3650 --

715 3723 784 3732 —
798 3693 971 3745 Contemnere
982 3692 1091 3746 fulmina
1102 3711 1198 3764 pauper

533 3774 656 3827 Creditur
667 3782 745 3845 atque
757 3778 829 3841 deos,
843 3778 894 3829 dtis
904 3778 1098 3844 ignoscentibus
1109 3779 1180 3847 ipsis.

429 3882 492 3957 Qui
507 3878 686 3963 corruptior
701 3880 853 3955 moribus,
865 3892 896 3942 et
912 3878 1164 3961 corrumpentior
1179 3876 1375 3960 muneribus,

428 3979 513 4068 apud
529 3980 606 4044 istos
620 3980 742 4045 beatior
756 3993 813 4045 est.
852 3982 885 4041 Si
906 3978 1086 4064 principum
1101 4001 1214 4042 manus
1228 3979 1376 4060 evaseris,

426 4082 557 4168 grandis
582 4082 639 4147 tibi
663 4095 761 4148 restat
787 4081 849 4157 via,
871 4094 971 4156 arcta,
993 4093 1026 4145 et
1051 4081 1173 4148 ardua:
1204 4094 1374 4167 antequam

429 4199 564 4249 tortores
578 4198 736 4249 extremos
756 4182 901 4266 effugias,
917 4183 1096 4249 sudandum
1112 4203 1160 4249 est
1175 4184 1244 4249 tibi.
1291 4185 1376 4248 Ecce

429 4287 638 4351 instrumenta
660 4299 715 4350 tua
737 4283 864 4350 conficit
888 4286 1015 4367 Cossus,
1038 4286 1064 4352 si
1087 4310 1158 4353 eum
1183 4287 1319 4354 salutare
1341 4285 1378 4348 li-
