3384 5234
387 724 457 769 cla.
474 711 597 788 xxvia]
739 721 996 772 aonrcuamcns.
1280 705 1341 764 135

384 896 488 938 errore
514 874 637 939 diutius
658 873 756 938 luisse
782 873 897 947 recolo,
919 872 952 935 in
979 894 1045 957 quo
1068 892 1180 936 manus
1203 868 1334 933 Domini

382 975 570 1061 condignam
587 998 649 1039 non
666 976 843 1041 exercuerit
860 974 1022 1038 ultionem.

381 1312 460 1397 Cap.
477 1320 527 1377 27.
551 1313 603 1375 De
623 1311 838 1393 aruspicibus,
854 1316 885 1372 et
904 1310 1152 1389 chiromanticis,
1166 1316 1198 1373 et
1217 1312 1335 1393 Pytho·

628 1415 720 1491 nima,
734 1421 765 1475 et
778 1412 893 1477 Soulia
907 1411 1086 1492 dejectione.

423 1562 563 1638 Qulnde
574 1560 813 1627 necromanticis
822 1559 1083 1645 dicam,qu0rum
1093 1558 1249 1644 impietas,
1260 1563 1330 1625 Deo

375 1677 518 1741 auctore,
541 1686 598 1750 per
623 1686 656 1727 se
679 1663 780 1749 ipsam
806 1660 927 1746 ubique
947 1661 1014 1744 jam
1040 1658 1144 1737 viluit,
1162 1659 1223 1725 nisi
1243 1660 1330 1746 quod

379 1778 481 1828 morte
507 1763 595 1848 digni
622 1778 707 1841 sunt,
735 1763 791 1848 qui
817 1785 836 1824 a
863 1774 962 1826 morte
987 1774 1142 1825 conantur
1171 1761 1333 1827 scientiam

378 1870 551 1930 mutuare?
583 1869 666 1930 Nam
682 1865 722 1929 de
737 1861 931 1948 auspicibus,
945 1863 1133 1947 auguribus,
1149 1863 1333 1929 salissatori-

380 1969 451 2043 bus,
467 1968 583 2047 ariolis,
600 1966 791 2054 pythonicis,
808 1964 1016 2052 aruspicibus,
1032 1979 1064 2029 et
1085 1965 1164 2041 aliis,
1180 1990 1331 2052 quorum,

377 2094 443 2157 prae
461 2070 680 2146 multitudine,
702 2069 835 2133 radiosa
854 2081 902 2132 est
925 2067 1133 2147 enumeratio,
1148 2067 1332 2154 productio-

376 2196 441 2236 rem
452 2194 625 2236 sermonem
639 2186 757 2248 texere,
768 2193 867 2256 quum
879 2192 971 2233 nemo
982 2169 1114 2234 istorum
1122 2168 1190 2252 jam
1201 2193 1331 2255 progre-

375 2275 483 2339 diatur
498 2275 531 2337 in
553 2274 668 2352 lucem,
684 2272 739 2336 sed
759 2276 791 2336 in
808 2271 961 2347 latibulis,
978 2274 1004 2336 si
1024 2270 1096 2357 quis
1111 2285 1170 2347 est,
1185 2284 1330 2336 exerceat

374 2398 470 2461 opera
486 2374 701 2450 tenebrarum,
718 2393 950 2458 supervacuum
966 2384 1023 2436 est.
1055 2371 1207 2449 Quaedam
1224 2385 1329 2437 tamen

375 2499 484 2540 eorum
509 2476 604 2539 certis
633 2474 674 2537 de
704 2472 807 2537 causis
835 2473 1038 2559 aliquatenus
1062 2472 1222 2558 tangenda
1244 2487 1328 2539 sunt.

375 2578 432 2653 Et,
448 2576 473 2641 si
495 2576 625 2650 lateant,
650 2586 822 2660 supersunt
844 2574 951 2637 adhuc
973 2573 1057 2635 malo
1079 2597 1137 2637 suo
1158 2575 1329 2661 aruspices.

375 2679 447 2744 Hos
462 2700 521 2762 pro
535 2688 627 2764 parte
641 2677 674 2739 in
689 2675 772 2741 extis
783 2675 965 2739 animalium
981 2673 1123 2739 divinare
1139 2675 1329 2762 praedictum

373 2791 430 2843 est.
484 2781 643 2843 Extorum
675 2778 806 2863 quidem
844 2788 1011 2840 censentur
1047 2775 1183 2856 nomine,
1211 2776 1327 2853 omnia,

374 2901 448 2963 quae
466 2880 548 2942 cutis
569 2879 770 2943 extremitate
792 2892 955 2963 teguntur.
1001 2878 1096 2944 Unde
1115 2890 1148 2943 et
1170 2877 1250 2958 illos,
1270 2879 1328 2964 qui

374 2981 406 3043 in
423 2980 600 3045 humerulis
615 2984 762 3062 arietum,
778 2981 827 3045 vel
843 3002 1108 3067 quorumcunque
1123 2981 1247 3044 ossibus
1262 2983 1328 3046 ani-

373 3084 501 3147 malium
530 3082 753 3161 vaticinantur,
777 3083 823 3147 eis
844 3081 1116 3145 connumerandos
1137 3105 1204 3146 esse
1226 3083 1327 3147 nrani-

370 3183 486 3247 festum
501 3196 560 3249 est.
606 3184 834 3248 Chiromantici
852 3206 981 3269 quoque
997 3205 1083 3258 vera,
1099 3183 1220 3268 quaein
1236 3182 1325 3268 rugis

369 3306 521 3348 manuum
540 3284 651 3360 latent,
676 3307 709 3350 se
732 3306 822 3347 nosse
841 3283 1027 3366 gloriantur.
1072 3284 1215 3360 Quorum
1239 3306 1326 3348 erro-

367 3407 445 3461 rem,
463 3385 538 3471 quia
560 3386 682 3449 ratione
704 3408 765 3449 non
789 3386 915 3464 nititur,
931 3408 994 3449 non
1014 3408 1138 3450 necesse
1160 3397 1207 3451 est
1227 3388 1325 3450 ratio-

369 3484 463 3549 nibus
486 3485 686 3572 impugnare,
704 3487 778 3552 licet
801 3511 837 3551 eo
861 3488 929 3573 ipso
951 3487 1021 3551 illos
1043 3503 1207 3575 expugnet
1228 3489 1322 3566 ratio,

367 3586 457 3673 quod
487 3587 638 3653 deficiunt
664 3589 795 3655 ratione.
843 3592 951 3655 Unum
979 3603 1084 3654 tamen
1115 3602 1162 3655 est
1188 3592 1276 3677 quod
1303 3615 1324 3655 a

368 3700 410 3768 te,
422 3689 447 3753 si
464 3711 514 3752 me
530 3690 688 3774 patienter
703 3690 827 3770 audias,
838 3692 1049 3756 attentissime
1064 3714 1185 3778 quaero.
1232 3691 1320 3767 Quid

367 3804 538 3875 nugatores
559 3791 623 3869 isti,
640 3792 788 3878 quoniam
812 3815 865 3856 eos
885 3793 943 3857 tibi
965 3807 1057 3857 notos
1079 3817 1147 3857 esse
1170 3816 1232 3859 non
1255 3818 1322 3858 am-

366 3891 453 3977 bigo,
474 3892 605 3979 quando
628 3892 668 3956 de
691 3892 798 3957 dubiis
819 3893 1006 3980 interrogati
1028 3909 1115 3973 sunt,
1131 3896 1319 3980 proferunt?

367 3994 473 4070 Quum
489 3994 641 4058 adversus
653 3992 862 4059 Nivicollinos
874 3996 1021 4060 Britones
1035 3996 1122 4081 regia
1133 4009 1214 4061 esset
1225 4019 1321 4082 expe-

366 4095 446 4161 ditio
466 4096 683 4182 producenda,
703 4098 736 4160 in
759 4120 825 4183 quo
846 4111 878 4163 te
897 4097 1062 4163 consultus
1081 4121 1218 4184 aruspex
1239 4122 1321 4184 prae·

366 4197 512 4262 monuit?
544 4198 697 4276 Quamvis
712 4202 753 4263 ab
769 4222 807 4262 eo
819 4199 963 4265 veritatis
977 4222 1126 4264 arcanum
1142 4222 1205 4263 non
1220 4199 1319 4264 suerit

368 4296 605 4381 inquirendum,
619 4300 676 4385 qui
691 4300 851 4365 excubiali
871 4301 1024 4385 obsequio
1045 4300 1247 4365 concinnator
1262 4324 1318 4387 po-
