3384 5234
444 670 485 727 36
690 673 825 723 sonuuts
841 672 1118 722 sanassenmnsrs
1278 661 1356 739 [ma.
1374 670 1399 723 t.

446 827 596 913 Egregiae
603 827 732 914 quidem
739 825 1399 912 Eleazarnsquumredimendaevitaecausa

448 930 670 994 sollicitaretur
692 925 889 993 committere
911 926 943 988 in
971 925 1072 1009 legem
1095 924 1235 1005 Domini,
1257 925 1397 1011 exempli

446 1029 623 1116 periculum
638 1027 798 1115 opposuit,
813 1026 938 1090 dicens:
964 1024 1046 1099 Quis
1060 1050 1121 1111 ego
1135 1049 1206 1091 sum
1221 1027 1396 1091 Eleazarus

447 1131 619 1215 nonaginta
634 1152 799 1204 annorum,
814 1141 850 1192 ut
866 1141 1021 1192 transeam
1037 1128 1077 1192 ad
1094 1127 1191 1193 vitam
1206 1127 1395 1213 alienigena-

446 1254 527 1305 rum,
545 1243 575 1295 et
591 1232 725 1317 juvenes
741 1230 904 1315 religiosos
919 1228 1090 1295 seducam?
1118 1233 1304 1295 Nascuntur
1318 1232 1395 1312 ergo

446 1332 620 1417 majoribus
638 1332 780 1398 haeredes
795 1330 925 1417 quidem
947 1331 1129 1416 degeneres,
1144 1345 1176 1397 et
1197 1331 1254 1417 qui
1272 1330 1393 1397 virilem

444 1455 557 1497 sexum
573 1433 720 1497 muliebri
736 1433 868 1497 mollitie
884 1431 1104 1497 dehonestant.

487 1778 567 1861 Cap.
583 1781 612 1840 6.
637 1775 836 1851 Demaraten,
852 1780 882 1836 et
896 1765 1131 1853 instrumentis,
1145 1780 1177 1837 et
1191 1775 1302 1850 modis,
1318 1772 1350 1836 el
1383 1762 1385 1765 ’

788 1877 907 1958 fructu
922 1896 1038 1939 eornm.

486 2034 562 2096 Non
581 2044 686 2095 tamen
702 2029 868 2096 curialium
893 2030 985 2115 nugis
1005 2032 1156 2095 musicam
1179 2031 1392 2095 calumnietur

440 2134 558 2219 aliquis
572 2132 733 2209 sociatam,
746 2132 818 2197 licet
831 2156 863 2196 se
875 2131 1027 2196 beneficio
1041 2133 1110 2217 ejus
1121 2143 1276 2195 conentur
1290 2154 1390 2215 nuga-

439 2248 544 2299 torum
560 2230 690 2317 plurimi
705 2231 935 2295 commendare.
976 2230 1154 2317 Disciplina
1169 2230 1304 2314 quidem·
1314 2230 1391 2294 libe·

439 2333 515 2399 ralis
529 2345 587 2409 est,
600 2345 631 2397 et
647 2332 713 2396 sive
728 2332 957 2417 Pythagoram,
967 2332 1032 2394 sive
1048 2330 1271 2415 Moysen,sive
1282 2330 1389 2395 Tubal

439 2449 562 2522 patrem
581 2434 767 2499 canentium
793 2435 824 2497 in
851 2437 995 2521 cythara,
1018 2433 1166 2499 editionis
1189 2454 1256 2497 suae
1280 2434 1390 2500 laudat

439 2549 611 2617 auctorem,
637 2536 811 2621 ingenuum
838 2536 934 2601 habet
961 2549 1079 2617 ortum,
1105 2548 1136 2600 et
1165 2535 1293 2601 virtutis
1323 2560 1391 2601 suae

438 2637 592 2725 potentia,
607 2637 845 2724 specierumque
862 2638 1023 2715 varietate,
1039 2651 1071 2703 et
1087 2637 1145 2702 sibi
1160 2637 1390 2702 famulantibus

437 2739 589 2817 numeris,
606 2736 752 2803 universa
767 2738 999 2824 complectitur,
1015 2739 1157 2803 omnium
1178 2763 1253 2825 qnae
1268 2754 1342 2805 sunt
1357 2752 1389 2804 et

438 2863 512 2924 qnae
528 2840 688 2917 dicuntur,
701 2839 905 2906 dissidentem
921 2854 953 2905 et
965 2841 1124 2906 dissonam
1140 2841 1389 2922 multitudinem,

436 2944 680 3029 proportionum
696 2965 837 3019 suarum,
851 2942 885 3006 id
902 2955 960 3024 est,
971 2944 1121 3029 inaequali
1134 2943 1272 3029 quadam
1289 2945 1388 3031 aequi-

436 3043 512 3109 tatis
529 3044 599 3130 lege
614 3044 793 3109 concilians.
839 3048 912 3109 Hac
926 3045 1042 3110 etenim
1058 3045 1197 3109 coelestia
1212 3057 1390 3131 temperan-

437 3159 501 3223 tur,
525 3146 687 3210 mundana
716 3146 780 3211 sive
804 3147 944 3210 hnmana
972 3159 1146 3232 regunturr
1181 3147 1249 3211 haec
1272 3146 1389 3212 instru-

436 3259 543 3311 menta
563 3269 667 3313 mores
686 3249 848 3313 instruunt
873 3261 904 3312 et
924 3247 1108 3328 informant,
1122 3248 1282 3335 ipsiusque
1303 3248 1388 3312 vocis

436 3348 612 3413 articulatae
629 3347 679 3409 vel
696 3346 904 3412 inarticulatae
924 3348 1133 3413 substantiam
1149 3349 1231 3412 miro
1246 3348 1385 3435 quodam

436 3458 559 3513 naturae
583 3447 718 3532 opificio,
745 3447 863 3512 melicis
888 3448 1022 3532 picturis
1048 3451 1247 3536 rythmorum
1271 3463 1387 3513 metro-

436 3571 572 3634 rumque
593 3546 752 3611 coloribus
772 3547 921 3625 vestiunt,
943 3561 977 3613 et
1000 3551 1137 3636 quadam
1160 3552 1267 3616 cultus
1289 3572 1387 3614 venu-

436 3658 516 3713 state
531 3659 713 3733 perornant.
759 3646 866 3726 Hanc,
882 3661 918 3713 ut
935 3647 1086 3734 suffragio
1105 3648 1386 3713 commendationis

434 3760 551 3813 nostrae
569 3771 631 3811 non
653 3760 757 3833 egeat,
774 3749 873 3814 sancti
894 3762 1001 3834 patres
1021 3751 1132 3816 multis
1149 3750 1280 3814 laudum
1301 3772 1384 3835 prae-

433 3850 531 3915 coniis
554 3849 747 3914 extulerunt.
793 3850 943 3937 Denique
965 3853 999 3915 in
1022 3852 1092 3935 ejus
1114 3851 1234 3915 virtuto
1256 3852 1386 3934 maligni

435 3952 566 4038 spiritus
581 3951 732 4016 violentia
747 3951 925 4029 cohibetur,
940 3964 972 4017 et
994 3951 1078 4016 illius
1092 3952 1185 4017 etiam
1199 3951 1232 4015 in
1248 3952 1386 4017 subditis

433 4054 499 4118 suis
523 4054 636 4119 minuit
652 4053 780 4118 musicae
800 4054 904 4140 gratia
926 4065 1126 4141 potestatem.
1170 4055 1278 4131 Quum
1302 4058 1384 4119 enim

432 4157 563 4243 spiritus
583 4154 686 4220 malus
709 4156 836 4246 Saulem
858 4155 1033 4230 invasisset,
1049 4154 1206 4240 psallebat
1222 4155 1329 4220 David
1350 4156 1383 4220 in

427 4258 562 4345 cythara
584 4258 615 4321 in
640 4278 734 4322 manu
759 4281 827 4335 sua,
843 4257 943 4321 donec
966 4254 1097 4339 spiritus
1111 4279 1131 4320 a
1152 4257 1235 4343 regis
1258 4257 1383 4323 infesta-
