3384 5234
309 682 381 727 car.
396 663 474 741 x11.]
660 661 914 729 mercnarrcus.
1006 643 1011 652 ’
1203 672 1263 731 311

308 834 474 912 consistat,
491 846 527 898 ut
548 834 667 898 similia
685 856 724 897 ex
748 836 907 898 similibus
928 848 1144 917 procreentur.
1190 838 1261 903 Cae-

309 948 409 999 terum
421 938 497 1020 quia
506 936 689 1020 praesidum‚
701 947 733 999 et
745 937 877 999 aliomm
882 935 1041 1019 judicum,
1057 958 1261 1002 communem

308 1058 378 1100 esse
393 1037 628 1120 inspectionem
644 1038 869 1121 praemisimus,
887 1038 1060 1119 aequitatis,
1075 1048 1109 1101 et
1123 1039 1264 1121 publicae

309 1139 426 1222 quietis
441 1139 576 1202 ministri
592 1150 677 1216 sunt,
693 1160 774 1222 quos
796 1151 885 1202 tanto
908 1139 1215 1223 circumspectiores,
1231 1151 1264 1205 et

309 1242 464 1303 cautiores
485 1251 611 1323 oportet
632 1260 713 1314 esse,
729 1240 896 1323 magisque
911 1240 1078 1319 sollicitos,
1094 1261 1159 1323 quo
1179 1242 1266 1306 illius

309 1356 506 1405 reservantur
535 1342 688 1420 examini,
719 1340 812 1424 cujus
846 1341 1015 1423 prudentia
1044 1342 1266 1407 circumveniri
1356 1328 1359 1334 ⁵

309 1464 374 1506 non
396 1452 514 1526 potest,
538 1454 593 1506 aut
611 1443 738 1526 justitia
760 1444 941 1527 cormmpi:
965 1443 1021 1505 illo
1041 1446 1216 1523 obtinente,
1230 1455 1267 1510 ut

309 1545 342 1605 in
359 1564 423 1626 quo
440 1542 568 1627 judicio
583 1542 812 1626 judicaverint,
824 1541 1021 1625 judicentur,
1037 1554 1069 1607 et
1082 1565 1264 1609 mensuram

309 1645 428 1707 bonam
443 1655 475 1707 et
490 1644 674 1722 confertam,
686 1653 718 1707 et
732 1644 936 1726 coagitatam,
948 1655 980 1713 et
990 1645 1265 1728 supereffluentem

309 1746 343 1808 in
359 1747 446 1810 sinus
462 1768 536 1811 suos
551 1769 570 1809 a
579 1746 690 1830 judice
705 1745 791 1829 justo
807 1735 974 1830 recipiant.

310 1936 391 2018 Cap.
410 1939 460 1998 la.
484 1935 537 1997 Dc
561 1940 762 1996 sacramento
777 1933 940 2012 judicum,
962 1943 995 1996 et
1014 1936 1186 1998 collatione
1200 1936 1265 2015 Py-
1345 1925 1348 1931 ’

353 2036 494 2117 tlacporae
517 2034 747 2114 etAleaandrc',
768 2044 801 2096 et
820 2036 856 2096 c'n
878 2036 991 2116 quibas
1011 2036 1104 2099 rebus
1121 2038 1265 2116 qratiam

346 2138 501 2219 partibus
521 2138 630 2219 possit
643 2139 761 2220 facere
776 2136 894 2215 judee,
916 2146 950 2200 ct
971 2138 1012 2200 de
1037 2137 1265 2220 questionibus

354 2241 520 2321 captiosis.

353 2366 406 2427 Er
430 2364 558 2448 quidem
576 2363 705 2447 judices
727 2373 927 2426 sacramento
949 2366 1076 2443 legibus
1097 2366 1266 2445 alligantur

305 2467 415 2550 jurati,
443 2466 520 2548 quia
548 2464 754 2526 omnimodo
776 2462 938 2546 judicium
967 2485 1041 2526 cum
1069 2465 1210 2539 veritate,
1233 2472 1265 2525 et

310 2570 418 2648 legum
448 2563 670 2628 observatione
704 2562 887 2642 disponent.
933 2562 1009 2642 Ipso
1040 2580 1169 2643 quoque
1193 2562 1266 2642 jure

311 2677 441 2731 cautum
473 2673 532 2736 est,
562 2674 599 2725 ut
628 2682 791 2725 sacrorum
821 2660 1070 2742 Evangeliorum
1099 2660 1266 2742 scripturae

287 2847 289 2850 Ι
311 2767 478 2839 terribiles,
501 2775 574 2827 ante
594 2762 704 2826 sedem
722 2760 909 2846 judicialem
931 2762 1142 2845 deponantur,
1156 2762 1266 2844 ibique

312 2869 352 2930 ab
379 2866 470 2928 initio
495 2865 612 2941 litium,
635 2863 676 2928 ad
703 2863 798 2926 finem
828 2885 931 2948 usque
957 2873 1177 2947 permaneant,
1203 2884 1263 2926 nec

314 2977 532 3040 amoveantur,
555 2966 617 3028 nisi
639 2965 798 3028 sententia
820 2966 962 3043 recitata,
984 2986 1047 3049 quo
1069 2966 1168 3027 totius
1190 2985 1265 3027 con-

312 3068 430 3133 sistorii
456 3068 604 3142 latitudo,
619 3067 683 3130 Dei
705 3068 808 3151 ipsius
824 3068 945 3149 repleta
959 3067 1139 3150 praesentia,
1163 3066 1266 3128 omni·

313 3174 375 3235 bus
401 3170 444 3234 ad
471 3182 689 3234 sacrosanctas
712 3169 887 3251 scripturas
915 3178 1035 3231 metum
1060 3169 1206 3241 incutiat,
1234 3177 1267 3230 et

313 3271 530 3346 reverentiam,
558 3281 591 3335 et
615 3273 655 3334 ab
681 3270 887 3353 inquisitione
914 3269 1053 3332 veritatis
1078 3270 1183 3331 omnis
1208 3270 1269 3331 ini·

314 3373 420 3457 quitas
449 3375 659 3456 propulsetur.
713 3373 837 3435 Omnes
861 3392 989 3455 quoque
1014 3372 1117 3433 carnis
1140 3382 1173 3433 et
1196 3390 1269 3433 san·

314 3474 430 3556 guinis,
452 3475 563 3555 religio
578 3474 761 3557 judiciaria,
783 3475 932 3557 propellit
949 3474 1093 3551 affectus,
1110 3492 1269 3535 evacuans

314 3577 392 3638 iram
417 3587 450 3636 et
475 3573 596 3649 odium,
623 3586 745 3637 metum
769 3586 803 3637 et
829 3576 1024 3638 amicitiam:
1052 3575 1139 3657 quia,
1165 3588 1199 3638 ut
1224 3574 1270 3639 ait

312 3676 421 3741 Julius
445 3675 563 3753 Caesar,
585 3674 673 3737 haud
697 3676 790 3738 facile
824 3676 951 3739 animus
976 3696 1083 3738 rerum
1113 3675 1269 3758 providet,

315 3778 371 3841 ubi
400 3778 462 3840 ista
490 3776 674 3859 proficiunt.
734 3778 824 3841 Hinc
854 3789 904 3841 est
941 3776 1022 3840 illud
1055 3778 1271 3859 proverbium,

315 3889 445 3943 auctore
461 3878 619 3942 Cicerone
635 3878 722 3962 apud
735 3880 885 3963 antiquos
896 3879 1155 3944 celeberrimum:
1180 3880 1271 3943 exuit
1324 3922 1328 3929 .

315 4001 486 4062 personam
496 3979 628 4064 judicis,
654 3981 802 4064 quisquis
816 3982 956 4046 amicum
981 3981 1096 4044 induit.
1122 3981 1270 4064 AEquitas

318 4082 403 4144 enim
419 4083 472 4146 cui
492 4080 597 4165 judex
624 4084 814 4165 obsequium
830 4083 937 4160 debet,
952 4082 1019 4145 odii
1033 4083 1202 4161 sinistram,
1217 4091 1273 4145 aut

317 4182 433 4245 amoris
448 4181 595 4247 dextram
611 4184 724 4247 nescit.
769 4185 855 4248 Nam
871 4206 890 4246 a
910 4185 1038 4247 veritate
1060 4204 1125 4246 non
1143 4185 1221 4247 licet
1239 4184 1275 4246 in

313 4282 448 4366 judiciis
474 4284 645 4349 declinare.
703 4286 749 4348 Ut
773 4306 845 4349 vero
871 4286 1042 4368 plurimum
1073 4284 1275 4366 indulgeatur
