3384 5234
320 690 391 735 cun.
411 673 448 751 n]
663 684 919 731 Ponrcnnrrcus.
1212 669 1270 728 161

320 837 596 903 hominialienum.
632 837 769 902 Virtutis
780 859 855 900 vero
867 858 1042 922 processus,
1052 833 1272 919 ambiguitatis

319 940 418 1026 hujus
440 938 559 1003 nodum
576 938 682 1019 solvit,
696 960 799 1022 quum
823 949 854 1000 et
877 936 1016 1000 comicus
1038 935 1117 1000 nihil
1139 933 1269 1000 humani

318 1041 455 1106 alienum
479 1064 498 1105 a
521 1064 553 1104 se
576 1052 712 1126 reputet,
731 1052 762 1103 et
784 1038 935 1122 magister
949 1038 1088 1103 coelestis
1110 1037 1270 1101 bominem

316 1143 435 1208 homini
465 1142 664 1227 diligendum
695 1141 840 1204 docuerit
872 1153 909 1205 ut
939 1164 971 1204 se
1001 1141 1116 1226 ipsum.
1172 1138 1270 1204 Unde

316 1262 406 1331 patet
427 1244 595 1331 indignum
616 1267 682 1309 esse
704 1256 794 1307 tanto
817 1240 969 1326 magistro
990 1240 1193 1327 discipulum,
1214 1239 1272 1325 qui

318 1348 444 1412 veritati
467 1370 528 1410 non
552 1345 744 1431 congaudet,
767 1357 799 1409 et
821 1342 974 1407 adversus
996 1343 1134 1429 publicae
1160 1340 1270 1406 salutis

318 1448 424 1512 hostes
439 1469 500 1511 non
513 1447 722 1512 excandescit
756 1448 825 1511 Eos
833 1468 910 1508 vero
925 1468 984 1531 pro
1000 1458 1091 1531 parte
1106 1442 1271 1531 praesentis

318 1549 476 1636 opusculi,
488 1548 690 1634 aliquatenus
706 1549 808 1631 tangit
820 1547 971 1620 intentio;
995 1563 1027 1612 ct
1037 1569 1138 1633 nugas
1147 1567 1271 1622 eorum,

320 1675 387 1738 quo
403 1660 506 1737 potest
521 1663 553 1716 et
569 1650 744 1729 consuevit,
760 1647 824 1713 telo
839 1648 989 1712 decutiet.
1255 1637 1259 1646 ’

395 1927 473 2013 Cap.
495 1934 521 1993 l.
547 1927 634 2004 Quid
644 1928 689 1989 sit
702 1926 793 1989 solus
806 1926 1000 1989 uniuersalis
1014 1933 1047 1987 et
1054 1926 1198 2007 publico.

365 2061 432 2128 Esr
446 2062 544 2147 igitur
554 2061 639 2127 salus
654 2059 793 2147 publice,
805 2082 879 2147 quae
891 2059 1053 2125 universos
1061 2060 1157 2139 fovet,
1169 2073 1203 2126 et
1211 2061 1273 2127 sin-

319 2163 724 2247 gulos,incolumitasvitae.
748 2162 836 2227 Nihil
846 2164 932 2228 enirn
941 2162 1063 2227 homini
1073 2164 1274 2250 praestentius

320 2266 384 2331 vite
395 2268 478 2353 ejus:
491 2266 712 2332 incolumitate
723 2265 895 2346 vitae,nihil
906 2266 1072 2331 salubrius.
1097 2267 1272 2331 Hominem

319 2391 394 2433 vero
409 2380 552 2435 constare
568 2391 608 2433 ex
618 2368 725 2433 anima
739 2368 895 2445 rationali,
906 2382 939 2433 et
954 2391 1048 2433 carne
1063 2370 1272 2456 corruptibili,

320 2471 443 2558 antiqui
473 2470 632 2557 sapientes
655 2468 858 2535 definierunt.
904 2470 988 2534 Caro
1009 2468 1167 2555 siquidem
1197 2470 1276 2536 vivit

320 2574 360 2638 ab
375 2573 493 2657 anima,
508 2595 609 2660 quum
629 2571 758 2637 aliunde
775 2571 899 2657 corpori
914 2571 978 2636 vita
996 2593 1143 2636 essenon
1165 2573 1272 2658 possit,

323 2675 410 2761 quod
431 2697 559 2762 semper
570 2674 694 2740 inertiae
710 2696 776 2739 suae
799 2685 925 2759 torpore
941 2673 1085 2761 quiescit,
1108 2674 1169 2738 nisi
1184 2675 1275 2761 spiri·

322 2776 417 2842 tuelis
432 2788 555 2842 naturae
566 2776 724 2841 beneficio
738 2787 914 2841 moveatur.
959 2781 1044 2843 Haec
1057 2790 1166 2841 autem
1177 2775 1275 2842 habet

322 2891 356 2943 et
379 2878 448 2965 ipsa
462 2879 559 2944 vitam
585 2903 685 2947 suam.
731 2879 822 2945 Deus
843 2879 964 2944 etenim
989 2881 1055 2945 vita
1079 2880 1195 2945 enimse
1218 2895 1276 2946 est.

324 2983 431 3058 Quam
447 2983 638 3049 seutentiam
658 2985 884 3059 modernorum
900 2984 1030 3072 qnidam
1052 2985 1190 3069 graviter
1204 2984 1275 3073 qui-

323 3086 397 3151 dem
412 3099 446 3152 et
460 3110 546 3171 vere,
561 3088 637 3153 licet
651 3087 785 3153 metrica
798 3086 929 3153 levitate
945 3088 1128 3174 complexus
1143 3102 1202 3169 est,

427 3206 493 3261 Vite
503 3209 598 3261 enimse
611 3206 685 3260 Deus
697 3212 747 3270 est,
758 3206 816 3259 haec
827 3207 948 3278 corporis,
958 3206 1008 3259 hnc
1019 3205 1137 3274 fugiente

499 3291 612 3345 Solvitur
623 3292 681 3357 hoo,
693 3294 762 3364 perit
772 3292 830 3346 haec
842 3294 1002 3346 destituente
1015 3292 1085 3346 Deo.

326 3394 417 3459 Sicut
427 3416 503 3479 ergo
512 3394 634 3481 corpori
643 3394 749 3460 vivere
760 3407 809 3460 est
817 3396 969 3481 vegetari,
982 3395 1102 3461 moveri
1111 3396 1152 3461 ab
1158 3396 1275 3478 anima,

325 3510 359 3561 et
380 3495 585 3582 dispositione
607 3497 655 3562 sui
671 3498 810 3563 motibus
831 3497 949 3565 animoe
971 3499 1182 3588 acquiescere,
1198 3499 1276 3565 etei

324 3597 463 3684 quadam
497 3598 669 3664 obediendi
702 3600 888 3666 necessitate
919 3602 1130 3668 concordare:
1168 3601 1213 3667 sic
1242 3616 1277 3668 et

324 3701 432 3767 anima
445 3724 485 3765 ex
500 3724 539 3767 eo
559 3702 646 3782 vivit,
663 3704 749 3790 quod
769 3727 826 3769 suo
842 3706 937 3770 modo
959 3716 1135 3790 vegetatur,
1154 3718 1187 3771 et
1202 3729 1276 3772 vere

324 3818 470 3871 movetur
484 3828 503 3870 a
519 3806 601 3884 Deo,
617 3807 696 3872 etei
715 3807 859 3894 subjecta
878 3810 1046 3875 devotione
1064 3810 1276 3897 obtemperat,

325 3908 406 3973 etin
421 3909 570 3974 omnibus
584 3910 767 3998 acquiescit.
814 3913 849 3977 Si
865 3936 929 3999 quo
944 3913 1060 3993 minus,
1070 3923 1103 3976 ct
1117 3935 1156 3977 eo
1172 3913 1277 3978 minus

325 4010 410 4076 vivit.
457 4010 542 4075 Nam
566 4025 599 4075 et
613 4034 737 4098 corpus,
751 4036 815 4099 qua
830 4031 920 4100 parte
935 4014 984 4079 sui
998 4037 1062 4079 non
1078 4026 1224 4080 movetur
1237 4016 1279 4079 ab

325 4113 443 4191 anima,
468 4114 538 4198 jam
561 4112 594 4177 in
617 4136 656 4179 ea
685 4128 845 4201 torporem
869 4116 979 4181 mortis
992 4117 1141 4181 incurrit
1187 4118 1276 4181 Dum

326 4237 401 4297 ergo
416 4228 519 4280 totum
542 4215 629 4294 vivit,
652 4218 694 4281 ad
723 4241 794 4282 eam
816 4232 918 4283 totum
941 4218 1128 4304 disponitur,
1150 4242 1223 4304 quae
1243 4242 1277 4282 sc

328 4336 392 4378 non
406 4338 465 4401 per
477 4328 584 4403 partes
604 4318 747 4386 infundit
761 4320 916 4407 partibus,
929 4321 988 4385 sed
1002 4331 1071 4386 tota
1086 4332 1144 4403 est,
1155 4331 1188 4383 et
1203 4340 1279 4404 ope·

370 4438 442 4484 vot.
459 4440 509 4485 111.
795 4444 821 4488 Μ
