3384 5234
349 708 421 751 cue.
438 690 484 769 v.]
716 711 971 758 eonrcnnrrcus.

459 858 491 909 ln
501 859 587 929 precio
598 858 713 929 precium
724 876 791 910 nunc
802 863 852 922 est,
864 859 910 911 dat
921 878 1012 914 census
1023 862 1132 917 honores

488 943 591 994 Census
600 941 745 994 amicitias:
763 958 860 1011 pauper
872 942 967 1011 ubique
974 946 1056 1016 jacet.

349 1041 461 1125 Longe
484 1040 596 1104 utilius
622 1038 754 1124 quidam
777 1062 901 1103 omnem
925 1045 1088 1109 materiam
1105 1047 1299 1132 jurgiorum,

348 1153 521 1205 etecusam
545 1141 621 1219 odii,
636 1164 656 1203 a
671 1140 736 1204 suis
756 1142 991 1227 rebuspublicis
1010 1147 1219 1211 exterminare
1235 1161 1303 1213 stu·

348 1241 501 1321 ducrum,
531 1254 568 1305 ut
595 1264 690 1304 causa
716 1241 892 1323 deficiente,
917 1244 1049 1309 effectus
1079 1247 1208 1311 malitiae
1231 1272 1303 1312 eva-

348 1353 508 1403 nesceret:
539 1339 633 1425 quale
649 1352 695 1402 est
711 1340 873 1403 decretum
893 1342 1036 1429 Lycurgi
1052 1346 1138 1429 apud
1150 1346 1301 1411 Lacedae-

349 1464 466 1521 mones,
482 1456 514 1505 et
532 1442 564 1504 in
591 1441 723 1526 antiqua
745 1441 882 1517 Graecia,
903 1465 976 1527 quae
995 1466 1080 1507 nunc
1100 1468 1174 1530 pars
1199 1448 1301 1515 Italiae

347 1556 406 1622 est,
433 1544 530 1608 Samii
553 1544 697 1607 doctrina
723 1543 929 1628 Pythagorae,
955 1545 1013 1629 qui
1039 1548 1301 1613 constitutionum

350 1668 479 1708 suarum
505 1645 618 1708 robore
642 1658 675 1707 et
701 1647 834 1720 virtute,
866 1656 966 1708 totam
994 1646 1133 1710 traditur
1163 1671 1302 1715 servasse

350 1747 485 1811 ltaliam.
532 1747 664 1811 Utinam
688 1767 800 1809 aurum
823 1768 895 1810 cum
916 1760 1046 1831 argento
1069 1748 1207 1825 vilescat,
1224 1752 1299 1816 dum

350 1845 390 1909 sit
405 1846 470 1908 sola
486 1845 588 1908 virtus
603 1845 634 1907 in
656 1845 774 1928 precio,
790 1856 823 1908 et
839 1845 893 1908 illa
915 1868 1054 1931 quorum
1071 1869 1163 1911 usum
1180 1851 1301 1933 optima

348 1946 415 2009 dux
431 1945 559 2008 vivendi
574 1959 700 2021 natura,
716 1946 927 2009 commendat.
970 1950 1098 2031 Pauper
1112 1947 1222 2034 itaque
1237 1973 1300 2014 non

344 2044 480 2129 jacebit,
490 2067 547 2107 nec
556 2043 646 2107 dives
656 2044 751 2107 solius
761 2045 905 2129 pecuniae
917 2046 1069 2109 beneficio
1081 2047 1301 2128 honorabitur,
1335 2046 1336 2049 ¹

347 2145 424 2207 dum
436 2144 655 2229 unusquisque
677 2145 726 2207 sui
747 2146 848 2230 ipsius
870 2147 945 2211 dote
969 2146 1028 2211 erit
1051 2149 1084 2211 in
1108 2149 1226 2233 precio,
1250 2151 1301 2213 vel
1326 2136 1327 2140 Ἰ

349 2247 487 2309 vilescet.
531 2250 631 2309 Porro
654 2245 801 2331 quaedam
825 2271 844 2310 a
867 2271 910 2326 se,
933 2249 1078 2332 quaedam
1102 2251 1143 2314 ab
1165 2251 1299 2315 aliorum

347 2348 494 2432 opinione
517 2348 636 2411 habent
651 2348 749 2431 precii
772 2348 974 2434 dignitatem.
1020 2349 1115 2415 Panis
1131 2352 1300 2438 siquidem,

348 2462 402 2513 aut
419 2450 577 2523 victualia,
593 2469 669 2533 quae
684 2449 717 2511 in
732 2448 900 2529 alimentis
915 2462 972 2514 aut
988 2450 1180 2516 indumentis
1195 2476 1302 2517 neces·

347 2551 435 2614 seriis
450 2562 607 2626 constant,
623 2549 763 2612 dictante
778 2563 891 2613 natura
915 2562 989 2614 sunt
1006 2551 1127 2636 ubique
1143 2565 1298 2617 terrarum

346 2652 379 2713 in
395 2654 510 2736 precio.
556 2651 636 2726 Quae
646 2671 755 2712 sensus
766 2649 938 2726 oblectant,
954 2651 1141 2715 naturaliter
1150 2653 1299 2717 omnibus

347 2762 439 2832 grata
462 2762 545 2812 sunt.
591 2747 679 2821 Quid
710 2749 834 2813 multa?
874 2752 954 2827 Quae
977 2763 1101 2815 naturae
1128 2764 1213 2831 sunt,
1235 2775 1297 2818 non

347 2849 442 2913 modo
453 2849 582 2921 eadem;
600 2849 654 2913 sed
667 2851 775 2935 vigent
785 2851 870 2937 apud
883 2874 1000 2917 omnes.
1046 2855 1128 2926 Quae
1140 2853 1298 2938 opinionis

345 2951 514 3015 arbitrium
523 2963 712 3036 sequuntur,
722 2953 842 3017 incerta
852 2966 941 3018 sunt:
957 2965 988 3017 et
1002 2953 1081 3018 sicut
1089 2953 1128 3017 ad
1144 2954 1296 3040 placitum

348 3065 433 3131 sunt,
448 3053 492 3115 ita
507 3066 538 3115 et
553 3053 593 3115 ad
610 3053 763 3138 placitum
780 3067 981 3119 evanescunt.
1020 3060 1094 3119 Non
1106 3056 1210 3119 fuerat
1220 3078 1297 3142 ergo

349 3154 524 3217 timendum
537 3156 739 3238 Imperatori,
755 3179 795 3219 ne
807 3157 937 3221 materia
946 3158 1204 3221 commerciorum
1219 3157 1299 3221 deii·

345 3267 549 3339 ceret‚quum
559 3255 654 3318 etiam
664 3255 863 3340 adhucapud
873 3255 1136 3320 illosvenalitium
1147 3256 1298 3341 frequens

346 3356 397 3434 sit,
407 3356 462 3440 qui
475 3356 641 3440 pecuniam
651 3378 713 3419 non
726 3369 893 3421 noverunt.
942 3357 1012 3420 Scio
1027 3356 1187 3442 equidem,
1200 3369 1297 3421 tantae

346 3456 508 3540 sapientiae
523 3456 619 3519 fuisse
637 3455 847 3531 Salomonem,
862 3470 898 3522 ut
913 3480 1075 3542 nunquam
1091 3457 1245 3534 timuerit,
1257 3481 1297 3522 ne

346 3569 671 3641 aurumetargentum
679 3557 842 3622 vilesceret
851 3560 996 3642 posteris,
1004 3578 1139 3643 quorum
1150 3570 1297 3623 naturam

347 3658 476 3721 videbat
486 3680 551 3720 esse
558 3658 784 3732 famelicam,et
796 3680 855 3743 pro
864 3671 954 3743 parte
965 3658 1186 3722 maximanihil
1198 3659 1296 3737 aliud,

346 3781 441 3845 quam
457 3762 620 3843 pecuniam
636 3761 765 3823 esurire.
788 3758 886 3821 Unde
902 3782 959 3843 per
975 3759 1159 3845 inspiratam
1176 3760 1298 3844 sapien-

346 3859 703 3945 tiam,haucrubiginem
717 3883 773 3923 rex
783 3860 949 3924 contemsit
961 3860 1116 3945 egregius,
1128 3861 1212 3924 utad
1222 3883 1294 3923 con-

346 3973 479 4025 temtum
495 3961 638 4045 pecuniae
654 3960 805 4045 suiipsius
820 3960 966 4045 exemplo
977 3971 1119 4045 posteros
1134 3959 1292 4023 invitaret.

347 4063 506 4126 Praeterea
519 4084 626 4143 regem
641 4084 707 4125 esse
722 4062 852 4146 expedit
875 4061 1050 4146 copiosum,
1065 4060 1111 4124 ita
1126 4072 1242 4137 tamen,
1258 4072 1295 4123 ut

346 4159 473 4223 divitias
495 4183 568 4224 suas
591 4158 701 4244 populi
724 4171 863 4244 reputet.
909 4160 982 4222 Non
999 4158 1127 4221 habebit
1151 4172 1227 4241 ergo
1247 4158 1294 4221 di-

348 4257 545 4341 vitiasquas
569 4257 693 4320 nomine
713 4256 815 4319 alieno
837 4257 990 4340 possidet,
1011 4278 1069 4320 nec
1093 4258 1152 4320 sibi
1171 4257 1295 4341 privata
