3384 5234
454 674 514 735 130
705 685 845 729 sossius
862 684 1142 730 saansanarnnsrs
1268 666 1349 746 [ara.
1368 688 1406 731 11.

452 838 588 925 planeta
617 833 774 920 placandi,
799 837 857 920 qui
887 834 1027 900 numeris
1054 846 1159 899 totum
1189 846 1313 901 rotant:
1351 860 1406 901 eos

450 939 682 1023 Mandrogerus
705 958 761 999 nec
786 947 895 1000 nostro
917 936 987 1000 visu
1013 935 1132 1013 faciles,
1155 959 1212 1000 nec
1237 937 1326 1003 dictu
1357 938 1404 1003 af-

450 1037 562 1102 fabiles
582 1059 648 1101 esse
670 1035 852 1121 respondet,
868 1036 1030 1122 adjiciens,
1047 1035 1136 1121 quod
1150 1049 1273 1101 atomos
1293 1040 1327 1102 in
1348 1061 1403 1103 ore

450 1136 596 1212 volvunt,
618 1135 725 1201 stellas
745 1148 926 1212 numerant,
947 1135 1013 1199 sola
1035 1148 1161 1199 mutare
1183 1158 1245 1200 non
1268 1151 1401 1224 possunt

450 1259 516 1301 sua.
560 1235 612 1299 Sic
627 1234 735 1319 itaque
750 1257 769 1298 a
783 1232 989 1319 dispositione
1005 1233 1142 1298 siderum
1159 1249 1333 1301 eventuum
1348 1262 1402 1303 ne·

449 1338 625 1403 cessitatem
641 1333 768 1418 ingerit,
784 1347 821 1399 ut
840 1334 912 1399 illos
930 1334 994 1399 sale
1010 1338 1087 1400 satis
1103 1337 1226 1401 urbano
1241 1338 1401 1423 eleganter

448 1439 590 1513 irrideat,
600 1439 657 1525 qui
673 1438 777 1501 visum
792 1449 940 1500 exercent
955 1436 987 1499 in
1000 1438 1265 1523 contemplatione
1280 1463 1402 1522 eorum,

448 1540 505 1628 qui
520 1540 623 1604 visum
643 1537 785 1624 fugiunt,
800 1549 832 1602 et
854 1536 1059 1624 interpellant
1078 1561 1141 1613 eos,
1157 1540 1215 1623 qui
1236 1538 1324 1625 loqui
1345 1541 1400 1605 de·

448 1641 641 1725 dignantur:
664 1649 696 1702 et
708 1659 809 1724 quum
822 1650 945 1701 atomos
959 1638 991 1699 in
1002 1659 1058 1701 ore
1073 1639 1214 1717 volvant,
1226 1641 1399 1707 verendum

446 1756 506 1819 est,
525 1764 564 1806 ne
585 1739 611 1805 si
632 1750 753 1804 atomos
774 1737 975 1822 genethliaco
995 1738 1079 1803 forte
1097 1738 1277 1823 intercidat,
1293 1742 1327 1807 in
1346 1767 1400 1808 ex-

444 1843 591 1929 cipienda
605 1838 761 1904 sententia
775 1838 953 1902 coelestium
968 1838 1106 1904 labatur.
1141 1843 1189 1907 Sit
1201 1865 1278 1928 ergo
1289 1868 1398 1911 eorum

443 1944 576 2027 insignis
591 1941 774 2016 auctoritas,
790 1940 869 2004 dum
885 1940 1008 2005 stabilis
1023 1953 1055 2005 et
1076 1942 1260 2010 inconvulsa
1274 1961 1399 2013 maneat

444 2044 604 2108 creatoris.
650 2043 745 2105 Certe
767 2041 921 2127 quicquid
946 2042 1006 2106 tibi
1032 2046 1123 2107 Mars
1147 2056 1232 2125 tuus,
1254 2060 1312 2111 aut
1337 2049 1399 2111 Ju-

445 2148 527 2230 piter
549 2153 732 2227 suggerant,
747 2142 837 2205 Deus
859 2165 955 2206 verax
971 2155 1030 2223 est,
1045 2156 1078 2207 et
1094 2156 1131 2207 tu
1145 2145 1222 2209 ditm
1244 2147 1307 2211 illis
1322 2150 1397 2234 plus

442 2266 536 2331 quam
569 2248 639 2308 Deo
668 2243 780 2321 credis,
811 2244 1073 2328 perniciosissime
1102 2248 1249 2311 mendax.
1296 2251 1396 2315 Astra

441 2347 569 2434 quidem
592 2344 754 2409 mendacia
777 2358 852 2410 sunt
876 2345 908 2409 in
930 2359 1101 2431 conspectu
1123 2348 1205 2433 ejus,
1228 2349 1283 2413 sed
1307 2364 1339 2416 et
1361 2353 1396 2416 in

440 2450 571 2535 Angelis
593 2449 658 2513 suis
683 2448 801 2534 reperit
830 2447 1027 2532 pravitatem.
1073 2451 1122 2515 Ut
1148 2462 1254 2514 tamen
1281 2476 1394 2519 verum

439 2551 552 2628 fatear,
568 2550 627 2615 tibi
642 2563 727 2615 astra
741 2571 804 2613 non
820 2549 1032 2626 mentiuntur,
1047 2551 1101 2615 sed
1118 2564 1154 2616 tu
1175 2552 1254 2636 ipse.
1298 2556 1394 2631 Quod

438 2652 593 2739 deciperis
619 2651 678 2717 tibi
703 2650 838 2735 imputa.
885 2651 965 2727 Quis
990 2654 1074 2715 enim
1100 2665 1132 2716 te
1160 2653 1245 2739 cogit
1274 2654 1391 2719 falsum

439 2752 577 2841 putare?
613 2758 704 2818 Deus
726 2771 774 2831 ea,
797 2774 870 2837 quae
892 2752 1114 2836 praeeuntibus
1135 2752 1232 2839 signis
1259 2770 1393 2822 ventura

438 2857 607 2941 conjectas,
622 2852 833 2918 immutabilia
856 2874 921 2915 esse
937 2853 1103 2936 persuasit.
1148 2858 1203 2919 Au
1221 2856 1340 2923 falleris
1355 2881 1392 2921 eo

438 2958 527 3041 quod
542 2958 663 3042 figulus
679 2954 819 3028 sibilans,
837 2966 894 3019 aut
910 2953 962 3017 bic
977 2956 1117 3021 mundus
1132 2956 1187 3035 ait,
1215 3018 1222 3038 ,

718 3060 790 3114 nulla
802 3060 858 3113 sine
869 3059 929 3128 lege
941 3077 986 3130 per
997 3079 1081 3115 sevum

540 3151 627 3215 Errat,
639 3154 667 3202 et
678 3149 775 3201 incerto
787 3145 923 3199 volvuntur
934 3146 1022 3198 sidera
1031 3152 1113 3199 motu.

538 3235 595 3287 Aut
607 3234 629 3286 si
640 3232 695 3286 fata
706 3236 818 3294 movent,
829 3230 899 3294 urbi,
910 3230 1053 3299 generique
1065 3236 1170 3302 paratur

543 3320 666 3372 Humano
677 3323 779 3369 matura
790 3315 865 3368 lues?

440 3405 595 3488 Idemque
611 3401 806 3466 manifestius
822 3400 960 3486 subjicit,

646 3510 683 3561 Et
693 3525 799 3579 superos
811 3509 874 3577 quid
884 3509 990 3581 prodest
1000 3527 1107 3581 poscere
1118 3510 1199 3565 finem
1208 3514 1220 3563 i

538 3594 606 3647 Cum
618 3593 721 3646 domino
732 3611 785 3664 pax
796 3595 849 3645 ista
857 3594 941 3646 venit:
960 3593 1009 3647 duc
1021 3594 1109 3648 Roma
1119 3596 1246 3649 malorum

539 3678 696 3732 Continuam
707 3679 810 3740 seriem,
823 3677 975 3747 clademque
986 3679 1014 3731 in
1026 3684 1143 3751 tempora
1153 3680 1236 3732 multa

538 3762 672 3826 Protrahe,
684 3762 752 3815 civili
764 3767 867 3815 tantum
874 3764 932 3834 jam
943 3762 1027 3816 libera
1037 3763 1116 3816 bello.

435 3856 495 3922 Sed
512 3856 723 3943 proculdubio
738 3855 833 3920 multi
851 3856 897 3921 dii
919 3858 976 3933 tui,
992 3858 1141 3922 futurum
1162 3855 1282 3920 bellum
1296 3879 1384 3922 amo·

434 3981 506 4022 vere
521 3981 584 4023 non
604 3970 761 4045 poterant,
777 3957 854 4044 quia
875 3957 981 4033 multi,
996 3957 1061 4020 imo
1079 3956 1187 4040 potius
1201 3956 1282 4020 nulli
1298 3971 1383 4023 sunt.

432 4063 506 4125 Hoc
520 4072 625 4124 tamen
640 4082 724 4123 uuus
739 4072 770 4124 et
788 4062 877 4123 Deus
891 4070 923 4122 et
945 4058 1104 4123 Dominus
1122 4057 1264 4121 omnium
1288 4071 1382 4144 potu-

430 4163 513 4227 isset.
560 4162 659 4225 Novit
674 4162 757 4225 enim
772 4160 824 4224 ille
840 4173 965 4225 mutare
980 4158 1180 4240 sententiom,
1195 4160 1221 4223 si
1237 4179 1274 4225 tu
1290 4162 1383 4225 bene·

429 4263 500 4327 ficio
515 4263 584 4348 ejus
595 4261 781 4332 maleficium
798 4260 897 4324 tinias.
931 4259 1026 4325 Unde
1041 4273 1072 4325 et
1087 4258 1385 4328 Nabuchodonosor
