3384 5234
398 719 443 777 ll
655 728 791 775 cornuis
808 727 1086 774 sannsnnarnnsrs
1228 710 1310 789 [arn.
1326 728 1349 776 1.

400 884 487 948 enim
504 903 602 968 quum
616 881 754 966 ineptias
769 903 844 945 suas
860 884 962 946 lector
975 883 1026 944 vel
1040 880 1165 945 auditor
1186 892 1350 964 agnoscet,

400 983 1348 1068 illudethicumreducetadanimum,quia“mutatonomine

400 1086 442 1150 de
457 1107 492 1151 se
505 1086 614 1150 fabula
628 1094 774 1149 narratur
784 1086 811 1162 ;”
832 1086 996 1169 praecipue
1012 1106 1110 1170 quum
1126 1106 1237 1149 omncs
1251 1106 1349 1149 nove·

398 1188 463 1251 rint
489 1187 618 1272 quantis
641 1197 678 1252 tu
703 1184 905 1251 serietatibus
925 1185 1046 1271 jugiter
1072 1186 1249 1270 occuperis.
1294 1186 1350 1251 Sic

399 1287 476 1352 dnm
496 1290 576 1353 alios
597 1288 692 1353 docet
706 1289 831 1353 Seneca
845 1309 938 1352 suum
952 1297 1064 1352 monet
1082 1288 1252 1351 Lucilium.
1298 1287 1350 1350 Ad

399 1391 565 1454 Oceanum
595 1399 628 1454 et
656 1388 899 1453 Pammachium
925 1388 1036 1452 scribit
1064 1388 1295 1471 Hieronymus,
1318 1398 1351 1451 et

398 1490 533 1555 aliorum
544 1493 732 1577 plerumque
743 1490 879 1572 castigat
887 1510 1050 1554 excessus.
1080 1490 1233 1574 Quisquis
1244 1501 1350 1553 autem

398 1593 595 1657 blandientis
610 1601 759 1657 causatur
778 1591 927 1675 ineptias,
941 1592 1104 1675 negotium
1119 1613 1193 1655 cum
1207 1603 1352 1675 tempore

399 1694 557 1770 metiatur,
583 1703 616 1757 et
641 1693 728 1777 quod
755 1693 909 1774 sapientis
933 1701 991 1771 est,
1017 1715 1060 1756 ex
1084 1693 1190 1756 causis
1221 1691 1350 1757 dicendi

400 1794 488 1859 dicta
499 1794 542 1880 dij
547 1793 664 1857 udicet.
687 1793 811 1875 Siquid
823 1793 929 1855 autem
941 1794 1082 1875 cuipiam
1093 1794 1237 1876 asperius
1248 1806 1351 1869 sonat,

400 1918 467 1962 non
480 1897 513 1959 in
528 1918 563 1959 se
579 1894 753 1979 quicquam
772 1893 893 1957 dictum
912 1894 1046 1971 noverit,
1062 1894 1166 1957 sedin
1181 1896 1350 1979 meipsum,

400 2009 433 2064 et
447 1998 566 2061 similes
580 1996 654 2075 mei,
669 1995 726 2079 qui
740 2016 869 2059 mecum
891 1996 1029 2077 cupiunt
1042 1996 1224 2072 emendari3
1247 1998 1350 2059 autin

400 2118 464 2175 eos,
494 2097 550 2182 qui
578 2096 712 2178 collapsi
740 2096 775 2158 in
802 2096 879 2173 fata,
908 2116 1036 2159 omnem
1066 2096 1350 2179 reprehensionem

400 2197 621 2284 equanimiter
642 2197 756 2260 ferunt
810 2198 896 2261 Novi
925 2198 1012 2261 enim
1037 2199 1113 2282 quia
1140 2198 1221 2261 nulli
1244 2199 1350 2279 graus

399 2309 570 2387 percussus
591 2300 753 2362 Achilles:
778 2309 810 2364 et
823 2321 964 2383 praesens
986 2310 1064 2365 aetas
1085 2300 1252 2381 corrigitur
1271 2300 1349 2363 dum

399 2401 560 2487 praeterita
574 2400 639 2463 suis
659 2402 779 2465 meritis
797 2403 991 2489 objurgatur.
1037 2402 1091 2466 Sic
1114 2402 1191 2466 dum
1211 2403 1350 2485 corrigat

400 2501 565 2579 Horatius,
579 2500 675 2565 ctiam
690 2503 845 2581 serviant
860 2503 1034 2567 Decembri
1048 2504 1194 2568 libertate
1209 2514 1349 2581 utantur,

398 2604 552 2688 indulget

538 2722 625 2775 Omne
635 2720 706 2775 vafer
716 2722 807 2775 vitium
817 2721 914 2774 ridenti
925 2720 1036 2775 Flaccus
1047 2722 1129 2774 amico

536 2807 647 2877 Tangit,
659 2813 687 2861 et
697 2807 826 2861 admissus
837 2809 934 2861 circum
944 2808 1083 2879 precordia
1093 2807 1170 2860 ludit.

397 2915 480 2988 Quae
503 2928 577 2978 vero
602 2913 643 2977 ad
662 2934 729 2977 rem
752 2913 945 2997 pertinentia
970 2934 990 2977 a
1011 2912 1144 2976 diversis
1166 2912 1349 2976 auctoribus

398 3037 433 3081 se
454 3017 560 3080 animo
582 3017 780 3099 ingerebant,
803 3016 879 3080 dum
901 3016 1093 3089 conferrent,
1116 3024 1172 3080 aut
1187 3014 1348 3100 jurarent,

397 3119 504 3182 curari
518 3119 668 3196 inserere,
678 3118 782 3183 tacitis
797 3118 958 3182 interdum
968 3117 1154 3182 nominibus
1164 3130 1345 3193 auctorum;

397 3231 465 3285 tum
488 3218 562 3307 quia
584 3221 655 3298 tibi,
676 3229 787 3305 utpote
809 3219 986 3284 exercitato
1008 3219 1043 3283 in
1064 3221 1174 3293 literis,
1196 3222 1346 3303 pleraque

397 3323 581 3407 plenissime
602 3331 678 3385 nota
699 3343 770 3385 esse
789 3343 958 3398 noveram3
981 3330 1049 3385 tum
1062 3330 1098 3384 ut
1113 3320 1155 3384 ad
1174 3321 1347 3384 lectionem

397 3424 559 3489 assiduam
575 3422 678 3503 magis
699 3422 927 3488 accenderetur
946 3425 1086 3507 ignarus.
1132 3424 1173 3485 In
1188 3423 1304 3507 quibus
1319 3422 1346 3486 si
1362 3447 1365 3453 ¹

381 3525 477 3611 quid
499 3546 519 3588 a
540 3523 606 3587 fide
628 3524 693 3588 reri
715 3521 842 3607 longius
864 3528 965 3603 abest,
987 3525 1065 3590 mihi
1088 3526 1214 3589 veniam
1237 3525 1348 3589 deberi

397 3626 539 3704 confido,
564 3626 618 3709 qui
644 3647 709 3690 non
735 3627 853 3706 omnia,
877 3651 948 3712 quae
974 3626 1026 3693 hic
1057 3630 1248 3710 scribuntur,
1272 3650 1347 3692 vera

395 3750 467 3795 esse
481 3728 646 3813 promitto;
662 3729 719 3794 sed
735 3730 800 3794 sive
815 3751 898 3807 vera,
910 3751 967 3794 seu
981 3731 1063 3796 falsa
1076 3742 1162 3811 sunt,
1170 3732 1345 3815 legentium

396 3827 507 3894 usibus
529 3828 686 3892 inservire.
731 3831 846 3912 Neque
867 3830 952 3893 enim
974 3831 1055 3896 adeo
1078 3854 1191 3897 excors
1213 3856 1295 3912 sum,
1310 3841 1348 3895 ut

395 3951 453 4016 pro
474 3951 550 3994 vero
574 3930 747 4016 adstruam,
770 3931 847 4016 quia
871 3934 1020 4015 pennatis
1045 3935 1158 3999 avibus
1183 3935 1346 4020 quondam

395 4032 876 4117 testudoloquutaest‚autquod
885 4035 1050 4102 “rusticus
1058 4040 1216 4101 urbanum
1224 4058 1346 4101 murem

394 4156 467 4200 mus
475 4154 614 4218 paupere
624 4136 727 4197 tecto”
735 4136 925 4219 susceperit,
935 4148 967 4202 et
976 4138 1107 4216 similia3
1119 4138 1177 4204 sed
1187 4140 1266 4223 quin
1274 4140 1345 4202 haeo

394 4236 547 4321 figmenta
559 4242 676 4300 nostrae
690 4235 883 4301 famulentur
897 4240 1110 4319 instructioni,
1124 4262 1190 4303 non
1206 4240 1345 4324 ambigo.

396 4342 479 4405 Hac
509 4359 636 4423 quoque
661 4337 744 4422 ipsa,
775 4339 893 4423 quibus
921 4344 1108 4428 plerumque
1130 4352 1219 4422 utor,
1242 4343 1346 4407 aliana
