3384 5234
413 648 454 707 46
670 657 805 704 mamus
821 658 1096 704 sanasnnamusrs
1244 641 1326 719 [arn.
1344 653 1365 707 t.

413 806 558 873 noverint
588 806 791 893 profluxisse,
823 830 998 893 verumque
1028 830 1170 896 persaepe
1199 812 1368 895 proferunt

410 908 479 974 sola
508 908 684 974 intentione
714 908 856 986 fallendi,
882 933 902 973 a
929 909 1049 995 quibus
1076 910 1214 975 animam
1241 913 1366 977 fidelem

411 1010 570 1076 Dominus
580 1032 701 1093 arcens,
711 1011 775 1075 ait:
802 1012 835 1075 Si
849 1011 991 1077 dixerint
1005 1012 1103 1093 vobis,
1114 1025 1146 1077 et
1157 1012 1203 1077 ita
1214 1015 1366 1092 evenerit,

411 1134 452 1178 ne
472 1111 608 1177 credatis
628 1112 682 1177 eis.
726 1112 930 1198 Proestigium
951 1135 1027 1177 vero
1046 1117 1228 1179 Mercurius
1249 1115 1368 1181 dicitur

410 1213 577 1291 invenisse,
598 1214 687 1299 quod
712 1236 753 1277 ex
773 1237 812 1278 eo
831 1213 878 1278 sic
898 1213 1030 1293 dicitur,
1051 1215 1141 1301 quod
1164 1217 1261 1282 aciem
1285 1240 1367 1303 prae-

411 1313 547 1399 stringat
567 1313 742 1391 oculorum,
757 1314 889 1401 fuitque
909 1337 1072 1399 magorum
1092 1316 1314 1402 peritissimus,
1330 1331 1367 1384 ut

407 1435 619 1501 quascunque
634 1438 684 1480 res
699 1414 794 1479 vellet
808 1414 983 1481 invisibiles
1003 1416 1133 1496 faceret,
1150 1431 1205 1484 aut
1223 1432 1259 1485 ut
1276 1420 1366 1484 vide-

409 1516 516 1593 batur,
527 1516 560 1580 in
572 1516 650 1582 alias
661 1515 781 1601 species
793 1517 1043 1582 transformaret.
1074 1520 1190 1584 Omnia
1203 1520 1364 1608 siquidem

409 1617 496 1682 unde
518 1618 695 1684 doctrinam
712 1618 862 1682 mathesis
879 1631 980 1683 notat.
1019 1623 1063 1685 At
1078 1621 1188 1686 divina
1205 1622 1365 1701 mathesis,

297 1716 299 1721 ’
410 1716 490 1782 dum
520 1719 729 1805 penultimam
759 1718 916 1794 extendis,
946 1719 1109 1804 figmenta,
1138 1722 1180 1785 ad
1209 1723 1364 1807 magicam

410 1815 606 1900 referuntur,
620 1818 713 1903 cujus
727 1814 876 1901 plurimae
890 1816 1012 1902 species
1027 1829 1101 1882 sunt
1115 1831 1148 1883 et
1161 1818 1308 1886 diversae.

404 2023 413 2033 ⁵
502 2037 584 2120 Cap.
601 2039 650 2100 to.
677 2038 742 2111 Qut
754 2037 824 2099 siat
838 2036 944 2119 Maqs,
957 2042 990 2100 et
1004 2036 1092 2100 ande
1105 2038 1270 2103 dicantar.

451 2176 504 2242 Er
519 2175 649 2262 quidem
672 2175 757 2260 magi
778 2187 865 2251 sunt,
881 2187 913 2239 et
927 2175 970 2240 ob
992 2175 1247 2262 magnitudinem
1268 2176 1363 2241 male·

407 2277 553 2344 liciorum
579 2278 623 2342 sie
649 2276 865 2363 appellantur,
896 2276 955 2361 qui
980 2276 1121 2340 Domino
1147 2277 1364 2363 permittente,

409 2377 564 2445 elementa
589 2377 795 2453 concutiunt3
833 2377 929 2442 rebus
957 2376 1103 2443 adimunt
1128 2378 1247 2465 species
1278 2401 1363 2456 suas,

407 2495 544 2547 ventura
573 2480 763 2566 plerumque
798 2478 1032 2565 praenunciant,
1070 2481 1202 2545 turbant
1238 2492 1361 2545 mentes

408 2582 584 2664 hominum,
609 2581 787 2647 immittunt
818 2580 950 2658 somnia,
978 2580 1184 2667 hominesque
1209 2581 1362 2647 violentia

406 2683 554 2749 carminis
576 2682 733 2749 duntaxat
756 2683 919 2761 occidunt,
935 2682 1023 2769 quod
1044 2696 1077 2747 et
1100 2682 1264 2749 Lucanum
1288 2706 1360 2747 nos-

408 2798 495 2851 trum
510 2808 573 2850 non
588 2784 695 2850 latuit.
740 2784 795 2847 Ait
810 2783 906 2862 enim,

513 2902 592 2956 Mens
603 2902 690 2955 hausti
702 2900 774 2954 nulla
786 2901 859 2953 sanie
872 2899 970 2971 polluta
981 2902 1083 2966 veneni,

512 2972 651 3026 incantata
662 2972 740 3042 perit.

405 3077 452 3139 Et
466 3096 507 3137 ne
522 3072 581 3138 tibi
597 3093 697 3160 parva
711 3068 858 3135 videatur
872 3069 958 3134 illius
972 3070 1158 3149 auctoritas,
1172 3070 1257 3136 nosti
1272 3070 1361 3156 quod

405 3180 427 3244 J
428 3195 536 3242 amnes
550 3188 583 3240 et
595 3175 754 3252 Mambre,
766 3175 853 3258 magi
868 3172 1044 3237 Pharaonis
1059 3173 1202 3237 fuerunt.
1233 3173 1362 3259 AEgyp·

407 3290 461 3344 tus
476 3277 592 3343 etenim
607 3276 792 3361 hujusmodi
805 3274 1070 3360 superstitionum
1085 3286 1117 3338 et
1132 3273 1361 3339 maleficiorum

408 3393 510 3444 mater
524 3390 581 3443 est.
624 3377 718 3441 Nosti
734 3380 865 3460 inquam
880 3398 944 3451 eos,
959 3397 1020 3439 non
1037 3374 1132 3439 modo
1147 3378 1256 3460 Moysi
1271 3376 1361 3440 resti·

406 3480 491 3558 time,
507 3477 562 3543 sed
577 3500 651 3541 cum
666 3500 703 3539 eo
719 3475 816 3561 signis
829 3488 862 3540 et
883 3473 1043 3539 miraculis
1057 3473 1268 3551 contendisse,
1285 3475 1361 3542 licet

406 3580 610 3669 postmodum
637 3577 687 3643 vel
713 3577 806 3641 inviti
831 3576 932 3642 coacti
959 3589 1045 3655 suut,
1072 3575 1209 3659 digitum
1237 3576 1299 3639 Dei
1327 3578 1359 3640 in

405 3680 503 3766 signis
520 3678 628 3765 Moysi
643 3678 796 3743 confiteri.

599 3916 678 4001 Cap.
698 3921 746 3979 11.
769 3915 821 3979 De
835 3916 995 3996 speciebus
1008 3914 1162 3995 Mugicae.

447 4056 566 4118 Vsnao
581 4062 688 4115 autem
703 4047 936 4114 curiosissimus
949 4049 1032 4113 inter
1046 4048 1265 4136 philosophos,
1278 4071 1357 4133 qua-

405 4168 480 4221 tuor
501 4153 620 4239 species
641 4151 845 4215 divinationis
865 4151 907 4216 ab
927 4150 1089 4215 elementis
1109 4161 1274 4215 mutuatus
1296 4163 1355 4223 est,

406 4255 637 4345 pyromantiam
653 4251 780 4331 scilicet,
791 4250 1029 4331 aeromantiam,
1041 4252 1309 4337 hydromantiam,
1326 4264 1356 4317 et
