3384 5234
426 741 487 801 150
685 750 822 796 Jornrus
837 748 1115 796 mosomensis
1238 730 1320 814 [una
1336 752 1373 795 n.

424 906 654 990 provocarent?
692 903 811 968 Omnes
831 900 945 985 utique
971 915 1166 967 evanuerunt
1188 914 1263 987 post
1287 901 1374 987 prin-

424 1005 526 1091 cipem
552 1004 713 1083 vanitatis,
737 1013 770 1066 et
794 1001 873 1067 dum
899 1001 977 1065 scire
1002 1003 1091 1089 quod
1120 1025 1184 1066 nou
1213 1002 1298 1079 licet,
1320 1001 1372 1065 vel

422 1106 515 1171 aliter
534 1128 632 1193 quam
651 1105 737 1185 licet,
754 1114 924 1190 appetunt,
939 1103 981 1169 ad
1000 1105 1095 1169 inane
1114 1118 1146 1170 et
1167 1103 1302 1168 nihilum
1322 1126 1371 1167 re·

421 1208 507 1272 dacti
535 1221 621 1274 sunt.
666 1208 772 1292 Reges
801 1228 877 1269 vero
907 1205 1006 1269 lsrael
1035 1206 1217 1271 infidelibus
1245 1205 1372 1283 sociavi,

420 1313 496 1397 quia
510 1332 612 1396 quum
635 1331 747 1394 regum
770 1310 792 1371 J
796 1307 861 1371 uda
882 1307 935 1370 alii
957 1308 1045 1385 boni,
1066 1308 1122 1373 alii
1142 1308 1218 1371 mali
1237 1306 1370 1381 fuerint,

420 1434 511 1497 reges
527 1411 625 1475 Israel
641 1433 749 1475 omnes
762 1410 891 1495 reprobi
905 1409 1091 1477 extiterunt.

525 1522 626 1589 Linque
638 1537 732 1572 arcana
743 1519 796 1571 Dei
806 1518 952 1586 ooelumque
962 1519 1101 1588 inquirere,
1113 1520 1176 1589 quid
1186 1520 1230 1583 sit,

419 1617 464 1681 ait
481 1619 574 1693 Cato,
589 1619 667 1702 quia
681 1614 770 1701 quod
786 1614 957 1679 destinavit
972 1614 1013 1677 de
1029 1628 1072 1691 te,
1088 1627 1121 1678 et
1142 1614 1255 1680 statuit
1271 1614 1371 1693 Deus,
1430 1636 1434 1641 ·

417 1720 498 1782 citra
520 1731 608 1782 tuam
637 1716 870 1781 solicitudinem
895 1728 1001 1801 potest
1024 1716 1187 1800 expedire.
1231 1716 1371 1801 Egregie

420 1819 551 1905 quidem
567 1820 718 1895 urbicus,

523 1929 637 1979 Omnem
648 1928 725 1979 crede
737 1928 807 1979 diem
818 1927 868 1979 tibi
880 1924 1007 1978 diluxisse
1019 1943 1177 1995 supremum,

524 2012 608 2065 Grata
619 2013 781 2081 superveniet
793 2027 853 2078 quae
864 2028 916 2062 nun
927 2010 1074 2079 sperabitur
1085 2010 1158 2062 hors.

416 2104 543 2169 Veritas
557 2117 663 2168 autem
683 2103 742 2166 sibi
759 2103 881 2188 ubique
900 2125 1037 2166 consona
1055 2117 1114 2179 est,
1131 2125 1188 2166 nec
1203 2127 1221 2166 a
1236 2128 1280 2181 se,
1296 2105 1369 2170 licet

414 2230 433 2270 a
461 2203 617 2268 mendacii
647 2203 828 2267 habitaculo
857 2203 1050 2288 proseratur,
1079 2203 1274 2290 quaudoque
1303 2206 1367 2271 dis-

412 2305 531 2371 cordat.
588 2303 679 2368 Sicut
709 2325 766 2366 nec
796 2301 966 2379 munditia,
995 2303 1072 2367 dum
1104 2304 1154 2368 sui
1183 2304 1367 2390 integritate

413 2408 511 2492 viget,
537 2427 802 2491 quarumcunque
834 2403 976 2468 sordium
1007 2405 1169 2471 vicinitate
1198 2407 1364 2493 polluitur.

412 2514 489 2596 lpsa
512 2520 646 2573 mortem
668 2508 781 2572 indicit
804 2528 866 2570 non
889 2507 1005 2584 timeri,
1027 2522 1059 2573 et
1084 2510 1126 2571 ad
1152 2531 1220 2573 eam
1247 2510 1365 2595 excipi-

411 2611 537 2689 endam,
551 2631 609 2674 nos
625 2610 709 2673 horis
723 2608 872 2673 omnibus
886 2608 1032 2695 proecipit
1046 2609 1230 2694 praeparari,
1247 2628 1284 2675 ut
1299 2635 1366 2696 quo

411 2717 517 2778 minus
538 2712 579 2776 de
602 2710 815 2776 diuturnitate
842 2710 917 2775 vitae
942 2711 1158 2797 praesumitur,
1180 2712 1212 2776 in
1239 2711 1363 2777 cultum

410 2814 583 2879 honestatis
599 2816 757 2878 virtutum
771 2812 924 2898 gradibus
938 2813 1065 2877 avidius
1079 2826 1237 2878 curratur.
1271 2814 1364 2879 Mors

410 2918 566 3004 siquidem
592 2915 801 2980 necessarium
826 2938 944 2979 munus
973 2928 1032 2994 est,
1058 2929 1182 2981 naturae
1200 2916 1269 3003 jam
1295 2940 1364 2980 cor-

409 3034 525 3104 ruptae.
571 3018 744 3104 Corruptio
762 3040 901 3103 namque
921 3017 1030 3081 mortis
1051 3016 1142 3101 origo
1164 3031 1222 3083 est.
1268 3018 1362 3081 Tolle

407 3122 654 3207 corruptionem,
668 3134 785 3185 sectare
797 3119 1014 3205 integritatem
1030 3118 1196 3184 munditiae
1212 3135 1244 3185 et
1261 3119 1362 3184 virtu·

407 3222 459 3298 tis,
471 3223 539 3308 jam
549 3222 798 3287 immortalitatis
813 3221 896 3285 viam
912 3221 1071 3306 ingressus
1083 3243 1116 3284 es
1125 3246 1134 3301 3
1157 3233 1190 3284 et
1200 3220 1359 3308 quandam

406 3323 582 3388 divinitatis
605 3336 668 3389 tuae
688 3346 790 3387 arcam
811 3322 1061 3408 apprehendisti.
1107 3322 1359 3409 Apprehendisti

405 3426 535 3511 inquam
558 3447 597 3488 an
622 3423 792 3509 accepisti?
822 3423 898 3503 sed,
920 3438 957 3490 ut
978 3425 1105 3489 fidelius
1126 3425 1306 3511 loquamur,
1328 3436 1360 3489 et

404 3524 553 3609 accepisti
581 3538 612 3588 et
638 3522 887 3608 apprehendisti.
933 3529 1008 3589 Nou
1033 3539 1081 3590 est
1108 3526 1191 3589 enim
1216 3525 1360 3604 volentis,

404 3646 507 3709 neque
523 3622 689 3699 currentis,
703 3621 756 3686 sed
771 3621 948 3687 miserentis
957 3623 1029 3688 Dei.
1064 3624 1145 3702 Quis
1159 3625 1218 3690 scit
1229 3624 1359 3710 quando

401 3724 517 3799 veniet,
534 3746 614 3801 sero,
630 3745 669 3787 an
686 3722 789 3786 media
802 3734 906 3804 nocte,
920 3747 960 3787 an
975 3728 1172 3809 gallicantu,
1186 3748 1225 3789 an
1242 3729 1354 3788 mane?

405 3824 453 3890 Ut
476 3825 571 3899 enim,
590 3828 636 3888 ait
653 3824 718 3904 ille,
734 3824 824 3888 Nihil
844 3837 946 3890 morte
965 3827 1083 3891 certius
1101 3841 1160 3907 est,
1180 3823 1258 3890 nibil
1277 3825 1357 3889 hora

401 3925 562 3991 incertius.
600 3927 680 4002 Quae
696 3923 805 4009 utique
821 3947 883 3988 nou
900 3926 1041 3990 timenda
1055 3940 1103 3991 est
1118 3926 1209 4013 quasi
1224 3924 1355 4002 malum,

401 4029 457 4095 sed
477 4028 567 4115 quasi
578 4027 732 4092 malornm
748 4026 830 4104 finis,
845 4050 947 4113 quum
963 4028 1095 4104 venerit,
1111 4038 1274 4113 gratanter
1288 4048 1355 4089 am·

400 4129 575 4219 plectenda.
620 4131 733 4194 Unum
755 4142 802 4195 est
824 4128 912 4214 quod
933 4130 1008 4194 totis
1024 4132 1139 4194 mentis
1160 4142 1193 4193 et
1213 4128 1353 4212 corporis

397 4234 519 4299 viribus
533 4233 721 4319 fugiendum
739 4247 796 4297 est.
807 4221 823 4274 ¹,
842 4233 927 4308 Quid
944 4231 1024 4295 illud
1041 4233 1081 4297 sit
1099 4229 1240 4317 quaeris?
1265 4231 1353 4294 'l'ur-

395 4336 521 4424 pitndo,
534 4349 565 4401 et
582 4336 681 4401 totius
694 4338 813 4419 species
823 4334 990 4399 inhonesti.
1031 4336 1111 4399 Haec
1122 4332 1206 4397 enim
1217 4333 1350 4406 faciunt,
