3384 5234
418 660 478 719 194
674 672 810 719 Joruurs
827 670 1106 714 sanasonumnsrs
1225 653 1307 732 [mn.
1324 669 1375 712 111.

436 912 516 993 Cap.
536 916 584 974 ll.
607 909 660 973 De
675 909 928 972 munusculoriis
942 907 1211 988 ermemmarus,
1226 915 1257 972 et
1271 909 1356 989 quod

560 1014 747 1093 promittere
761 1030 827 1073 nort
843 1011 994 1091 eapediot
1010 1007 1054 1070 od
1065 1010 1227 1073 uirtutem.

464 1148 503 1208 Iu
533 1167 571 1209 eo
601 1155 707 1210 autem
732 1145 918 1209 adulatoriae
945 1146 993 1208 vis
1019 1167 1137 1227 magna
1163 1146 1320 1225 consistit,
1347 1147 1374 1209 si

422 1248 547 1311 omissis
568 1249 714 1332 propriis,
731 1249 835 1311 aliena
857 1247 1028 1311 commoda
1044 1269 1152 1311 curare
1175 1249 1319 1327 ridearis,
1335 1250 1376 1312 de

423 1359 480 1412 tuo
494 1371 659 1433 uunquam
682 1359 738 1413 aut
760 1371 843 1428 raro,
859 1371 983 1433 semper
1005 1361 1059 1413 aut
1080 1372 1167 1434 saepe
1189 1352 1324 1435 loquens
1340 1351 1380 1413 de

424 1450 522 1528 illius,
532 1472 626 1534 quem
640 1451 819 1533 aucuparis,
829 1451 1053 1514 emolumento.
1088 1452 1380 1515 Praetereamanum

426 1554 566 1628 contine,
581 1574 634 1631 ne,
649 1554 675 1616 si
699 1553 776 1637 quid
797 1553 894 1615 etiam
917 1553 1017 1616 invito
1037 1553 1209 1634 ingeratur,
1231 1555 1382 1637 accipias,

426 1654 503 1717 dum
517 1655 630 1718 influat
639 1657 660 1718 J
662 1654 789 1717 ordanis
804 1654 839 1716 in
852 1676 888 1717 os
903 1654 984 1737 ejus,
997 1656 1052 1737 qui
1068 1654 1142 1717 dum
1159 1656 1267 1718 omnia
1281 1655 1379 1738 cupit,

426 1756 487 1818 sibi
504 1776 631 1839 quoque
643 1756 750 1818 omnia
761 1755 801 1817 de
811 1754 883 1838 jure
897 1765 989 1839 putat
1001 1766 1193 1838 competere.
1223 1756 1380 1819 Esuriens

426 1859 501 1939 gula
510 1858 736 1921 insatiabilium
749 1847 947 1939 quorundam
961 1858 1158 1936 animalium,
1170 1860 1273 1922 donec
1286 1858 1381 1922 satie·

426 1972 485 2034 tur,
496 1979 696 2020 communem
712 1959 783 2020 aliis
794 1958 916 2020 invidet
930 1960 1057 2034 cibum3
1082 1960 1158 2021 etin
1172 1982 1235 2042 quo
1247 1961 1381 2023 aliorum

426 2056 610 2119 subvenitur
623 2057 752 2138 inopiae,
764 2077 797 2118 se
813 2057 954 2119 fraudem
967 2060 1090 2139 perpeti
1107 2060 1295 2141 suspicatur.
1327 2061 1381 2122 Sic

426 2157 603 2219 fortunatus
637 2155 699 2217 sibi
727 2154 887 2218 interdum
922 2157 1065 2219 subtrahi
1095 2169 1198 2239 putat,
1228 2159 1382 2242 quicquid

428 2277 618 2342 quocunque
634 2256 726 2318 titulo
742 2257 904 2319 confertur
914 2258 947 2319 in
963 2256 1073 2334 alium,
1085 2269 1165 2321 teste
1179 2257 1304 2336 Crasse,
1316 2259 1383 2343 qui,

427 2370 463 2423 ut
477 2357 605 2435 dicitur,
616 2357 715 2421 milite
731 2356 963 2437 dissimulante,
975 2380 1013 2421 eo
1030 2358 1118 2442 quod
1134 2361 1233 2437 solus,
1245 2370 1300 2423 aut
1315 2382 1381 2442 prae

428 2460 552 2525 caeteris
581 2460 668 2544 apud
692 2460 827 2523 Parthos
854 2482 965 2525 aurum
991 2462 1122 2537 sitierat,
1150 2482 1261 2525 aurum
1286 2463 1379 2526 bibit.

427 2562 449 2624 J
451 2561 587 2643 ugurtha
603 2581 730 2643 qnoque
742 2581 827 2643 saepe
842 2561 1025 2624 Romanum
1041 2562 1229 2636 exarmavit,
1242 2572 1275 2624 et
1289 2562 1384 2643 fregit

426 2662 606 2746 imperium,
618 2675 650 2726 et
665 2662 852 2740 exercitum,
863 2662 963 2746 ipsius
980 2685 1107 2747 quoque
1120 2663 1210 2726 urbis
1222 2665 1384 2727 concussit

431 2765 637 2849 majestatem,
663 2785 748 2827 nunc
776 2764 857 2827 dans
885 2766 989 2848 plura,
1013 2765 1202 2847 promittens
1225 2761 1385 2827 interdum

428 2867 576 2950 plurima.
622 2864 686 2930 Sed
701 2866 761 2928 hoc
778 2866 917 2928 liberum
933 2878 983 2929 est
993 2867 1055 2944 his,
1070 2879 1103 2930 et
1118 2888 1204 2951 saepe
1221 2866 1385 2944 conducit,

431 2968 486 3051 qui
503 2970 611 3052 aliqua
630 2968 749 3032 donare
766 2978 1009 3031 consueverunt.
1054 2968 1208 3052 Alioquin
1229 2969 1384 3052 promisso

431 3072 537 3152 gratiae
563 3068 770 3133 conciliandae
795 3090 862 3132 non
884 3070 1021 3153 proficit,
1044 3071 1101 3133 sed
1125 3071 1217 3154 quasi
1238 3070 1385 3153 deceptio

429 3172 641 3247 fraudulenta,
656 3172 742 3234 illam
758 3192 830 3254 quae
846 3193 916 3234 esse
939 3171 1063 3235 videtur
1078 3173 1267 3255 plerumque
1282 3172 1386 3235 extin-

431 3273 509 3355 guit.
554 3273 659 3335 Tanto
683 3270 815 3355 quidem
835 3272 983 3347 validius,
1004 3294 1068 3355 quo
1092 3294 1166 3336 cum
1188 3272 1386 3356 prudentiori

426 3387 461 3439 et
472 3374 606 3456 graviori
621 3374 686 3435 viro
698 3374 860 3453 negotium
876 3374 1001 3454 geritur.
1034 3375 1231 3457 Simplicitas
1246 3395 1385 3457 namque

432 3475 746 3539 circumvenientium
762 3474 889 3537 insidiis
904 3474 1001 3538 latius
1015 3487 1114 3559 patet,
1129 3487 1161 3539 et
1176 3476 1298 3539 facilius
1313 3496 1387 3557 sup-

431 3579 601 3659 plantatur.
631 3576 727 3639 Unde
742 3576 796 3639 ille
813 3576 867 3660 qui
884 3598 948 3639 uon
964 3579 1086 3656 urbem,
1098 3579 1154 3641 sed
1170 3580 1279 3642 orbem
1293 3578 1388 3641 lasci-

428 3678 475 3738 vis
503 3672 646 3757 implevit
674 3678 845 3750 amoribus,
871 3677 1111 3739 sollicitatorem
1141 3680 1320 3761 puellarum
1350 3685 1383 3738 et

429 3776 627 3861 impudicum
642 3777 802 3840 instruens
818 3788 1003 3856 amatorem,
1019 3779 1082 3841 ait:

537 3882 678 3933 Promittas
688 3880 776 3947 facito,
789 3884 849 3951 qnid
862 3887 931 3936 enim
942 3886 1093 3956 promittere
1104 3884 1194 3937 laedit?

575 3966 703 4019 Pollicitis
716 3967 788 4019 dives
800 3968 910 4037 quilibet
923 3988 981 4023 esse
993 3976 1087 4042 potest.

432 4068 479 4130 At
503 4064 713 4148 philosophus
738 4086 916 4150 nunquam,
937 4076 992 4130 aut
1014 4067 1183 4144 rarissime,
1205 4075 1237 4129 et
1259 4066 1321 4129 hoc
1345 4088 1389 4130 ex

425 4174 512 4255 justa
529 4187 626 4230 causa
637 4167 748 4230 asserit
762 4168 977 4231 conducibile.
1009 4168 1043 4231 Si
1061 4168 1147 4231 enim
1161 4169 1386 4250 promissionis

434 4270 604 4356 implendae
622 4268 756 4334 facultas
777 4292 843 4333 non
866 4271 1016 4353 suppetit,
1032 4272 1230 4335 temerarium
1253 4282 1301 4335 est
1315 4293 1388 4354 pro·
