3384 5234
369 717 438 761 car.
455 697 536 778 xta]
712 711 965 758 rotronnrrcos.
1256 700 1321 758 319

371 889 444 931 rero
468 868 680 930 calumniatos
702 887 747 941 es,
769 864 996 929 condemnavit
1015 885 1107 928 eum:
1135 876 1168 928 et
1184 866 1264 930 licet
1286 865 1327 931 de

369 991 469 1054 poena
488 969 629 1033 infamiae
649 968 730 1031 nihil
751 968 938 1052 subjecerit,
958 977 1065 1031 tamen
1085 978 1229 1051 potestas
1248 968 1330 1049 legis

369 1069 518 1134 adversus
549 1091 622 1133 eum
652 1068 866 1147 exercebitur,
901 1068 983 1131 adeo
1022 1080 1057 1131 nt
1092 1069 1242 1153 importet
1274 1071 1324 1131 in-

369 1172 510 1235 famiam.

508 1342 589 1425 Cap.
609 1343 658 1407 14.
682 1342 734 1406 De
749 1343 875 1405 ratione
890 1344 1188 1405 instrumentorum.

412 1479 463 1540 Ar
479 1477 512 1539 in
533 1478 605 1559 ipsa
622 1476 844 1559 disquisitione
865 1476 1003 1551 consilii,
1032 1487 1096 1540 tam
1123 1477 1158 1538 in
1179 1476 1329 1541 civilibus

371 1601 465 1663 quam
496 1578 714 1642 criminalibus
740 1579 858 1652 causis,
886 1578 928 1640 ad
954 1562 1188 1641 examinandas
1210 1580 1326 1661 proba-

368 1681 486 1759 tiones,
497 1682 779 1744 instrumentorum
794 1681 874 1743 ratio
890 1680 1039 1744 habenda
1050 1693 1107 1744 est.
1141 1682 1187 1743 Et
1197 1680 1325 1765 quidem

371 1783 583 1846 instrumenta
612 1782 763 1845 dicuntur
792 1783 913 1856 omnia,
940 1784 1058 1865 quibus
1089 1803 1186 1845 causa
1214 1782 1327 1844 instrui

368 1893 485 1965 potest,
506 1884 573 1945 sive
598 1883 661 1945 sint
680 1883 873 1959 testimonia,
894 1883 959 1945 sive
980 1893 1097 1945 testes:
1124 1883 1196 1953 berc
1218 1890 1324 1945 tamen

369 1983 435 2046 illis
450 1985 574 2067 potiora
589 1994 674 2063 sunt,
686 2007 723 2047 eo
735 1986 822 2069 quod
836 1996 933 2048 testes
948 1986 1139 2048 testimoniis
1154 1986 1323 2069 praeferan-

368 2097 427 2149 tur.
470 2088 555 2149 Nam
571 2109 671 2170 quum
687 2098 783 2151 testes
798 2086 975 2150 examinari
990 2088 1127 2169 possint,
1143 2088 1324 2151 testimonia

369 2208 505 2272 semper,
528 2197 560 2252 et
583 2189 669 2271 apud
692 2211 805 2253 omnes
828 2190 941 2252 eadem
964 2199 1047 2252 sunt.
1092 2190 1132 2251 In
1155 2188 1226 2271 ipsa
1248 2211 1324 2253 vero

369 2290 496 2352 testium
521 2291 773 2369 examinatione,
799 2313 863 2354 non
888 2304 994 2373 potest
1018 2313 1060 2353 ex
1084 2292 1192 2373 regula
1215 2291 1323 2374 aliqua

368 2388 508 2469 diffiniri,
520 2392 598 2474 quid
613 2393 715 2474 magis
726 2392 871 2476 jndicem
887 2393 978 2475 sequi
993 2402 1148 2474 oporteat.
1187 2393 1222 2455 si
1237 2393 1322 2454 enim

368 2513 479 2555 omnes
495 2505 591 2555 testes
606 2493 749 2575 ejusdem
771 2493 948 2554 honestatis
964 2504 995 2555 et
1011 2492 1232 2555 aestimationis
1248 2495 1322 2570 sint,

368 2604 401 2658 et
421 2595 543 2675 negotii
566 2595 714 2676 qualitas,
736 2614 773 2655 ac
795 2592 919 2675 judicis
944 2604 1050 2655 motus
1073 2615 1146 2656 cum
1169 2594 1220 2656 bis
1243 2615 1320 2656 con·

368 2695 510 2768 currerit,
527 2693 690 2776 sequenda
710 2706 784 2756 snnt
805 2694 913 2757 omnia
932 2693 1123 2757 testimonia.
1170 2694 1226 2756 Sin
1248 2717 1324 2759 vero

369 2795 502 2880 quidam
526 2817 636 2859 eorum
659 2793 746 2860 alind
769 2795 919 2874 dixerint,
936 2796 1013 2859 licet
1035 2795 1068 2857 in
1091 2797 1161 2878 pari
1179 2818 1325 2876 numero,

369 2897 562 2961 credendum
585 2898 740 2982 estquod
763 2908 885 2962 naturae
908 2899 1029 2981 negotii
1044 2882 1216 2976 convenit,
1235 2899 1323 2983 quod

367 2999 546 3062 inimicitiae
562 3012 616 3064 ant
632 3001 741 3081 gratiae
754 3000 938 3083 suspicione
953 3012 1049 3077 caret,
1061 3001 1324 3085 confirmabitque

364 3100 468 3185 judex
483 3113 605 3164 motum
621 3100 718 3164 animi
735 3102 784 3165 sui
800 3123 841 3165 ex
858 3102 1054 3183 argumentis
1069 3112 1102 3165 et
1120 3104 1323 3181 testimoniis,

369 3225 441 3286 quae
457 3204 502 3265 rei
517 3204 651 3287 aptiora,
666 3214 698 3267 et
722 3227 793 3267 vero
814 3205 1010 3287 proximiora
1030 3228 1100 3268 esse
1122 3206 1320 3288 compererit

368 3305 444 3366 Non
468 3305 554 3367 enim
577 3304 617 3367 ad
644 3305 882 3369 multitudinem
906 3306 1022 3388 respici
1045 3318 1179 3390 oportet,
1201 3308 1258 3369 sed
1279 3307 1321 3369 ad

369 3406 524 3468 sinceram
548 3404 676 3470 testium
699 3407 808 3486 fidem,
823 3419 855 3471 et
874 3409 1068 3487 testimonia,
1084 3410 1201 3493 quibus
1216 3408 1324 3491 potius

367 3506 426 3567 lux
440 3508 581 3569 veritatis
597 3509 725 3572 assistit.
771 3508 858 3592 Ipsis
873 3530 1002 3593 quoque
1019 3510 1322 3595 praesumptionibus

367 3608 623 3690 frequentissime
653 3611 761 3684 stabit,
793 3611 896 3674 donec
933 3613 1084 3694 probetur
1119 3611 1320 3675 eontrarium.

366 3710 453 3772 Nam
467 3721 499 3772 et
508 3710 670 3789 Salomon,
681 3733 779 3793 quum
790 3713 823 3774 in
835 3713 938 3794 litigio
951 3714 1150 3776 meretricum
1165 3714 1319 3777 infantem

368 3811 469 3875 dividi
485 3812 704 3895 praecepisset,
720 3816 864 3877 etaltera
887 3836 959 3877 enm
979 3818 1089 3879 mallet
1103 3817 1193 3879 alteri
1215 3816 1321 3879 rivum

366 3914 491 3988 cedere,
507 3916 578 3997 ipsa
593 3924 699 3977 tamen
714 3916 919 3994 reclamante,
935 3918 1004 3980 Nec
1021 3918 1098 3980 mihi
1113 3940 1174 3982 nec
1190 3919 1249 3981 tibi
1265 3919 1319 3993 sit,

366 4016 423 4080 sed
440 4016 607 4094 dividatur,
623 4019 671 4081 illi
694 4019 800 4082 virum
821 4020 973 4084 infantem
994 4020 1223 4083 restituendum
1244 4040 1320 4083 cen-

367 4119 440 4195 suit,
456 4140 527 4201 quae
546 4141 610 4183 non
634 4122 804 4204 acquievit,
826 4133 860 4183 ut
880 4123 969 4185 vivus
989 4134 1170 4184 moreretur.
1216 4124 1318 4203 Argu·

366 4232 473 4281 mento
504 4221 659 4303 siquidem
699 4222 861 4304 probabili
897 4223 1087 4297 trahebatur,
1117 4234 1151 4285 ut
1186 4232 1317 4284 matrem

371 4320 605 4406 crederetque}
628 4324 804 4407 diligebat3
836 4347 935 4408 quum
956 4325 1140 4409 opinionem
1160 4323 1241 4407 ejus,
1262 4336 1317 4388 aut
