3384 5234
366 720 435 763 cin.
452 698 522 777 xa]
740 672 992 756 no'nrcnsmcns.
1277 690 1319 751 85

368 870 483 933 dextra
505 865 689 937 contineret,
712 862 743 926 in
767 862 839 927 aeris
862 860 993 925 materia
1020 861 1086 923 fieri
1114 860 1318 924 studuerunt.

369 974 419 1035 Ea
442 993 516 1033 vero
539 968 679 1054 perfecta
701 966 733 1028 in
757 965 859 1028 forma
881 963 1020 1048 egregia,
1037 975 1171 1026 venusta
1190 962 1319 1046 quanti·

369 1085 443 1146 tate,
461 1082 536 1157 apta
551 1068 690 1154 partium
708 1063 926 1149 dispositione,
938 1062 1088 1126 membris
1102 1084 1232 1147 quoque
1247 1082 1320 1124 con-

369 1172 566 1251 decentibus,
585 1182 618 1233 et
636 1168 696 1233 sibi
717 1167 852 1230 invicem
876 1163 1128 1248 congruentibus
1151 1162 1318 1239 universis,

369 1296 470 1360 quum
491 1294 552 1334 non
574 1282 637 1333 tam
654 1267 766 1353 populi
781 1265 1057 1341 examinationem,
1072 1287 1169 1350 quam
1186 1265 1321 1328 admira-

372 1375 500 1449 tionem,
518 1373 610 1458 plena
625 1370 673 1434 sui
689 1366 963 1431 commendatione
978 1366 1171 1451 deposceret,
1186 1367 1317 1453 quidam

372 1474 453 1537 solas
482 1472 578 1535 tibias
606 1481 704 1532 tantae
733 1467 808 1529 moli
843 1465 1042 1551 perferendae
1071 1466 1226 1531 inhabiles
1254 1492 1320 1533 esse

372 1574 493 1639 causati
508 1585 592 1637 sunt.
631 1571 755 1648 Quibus
770 1570 860 1633 faber
875 1569 1055 1654 respondit3
1076 1592 1129 1633 eas
1140 1593 1321 1657 usquequa-

374 1702 438 1765 que
464 1676 617 1751 sufficere,
641 1673 740 1737 donec
763 1673 856 1756 virgo
878 1684 1014 1755 pareret,
1036 1673 1165 1736 omnino
1190 1674 1320 1738 credens

373 1777 598 1866 impossibilem
616 1774 743 1860 virginis
758 1787 896 1860 partum.
943 1773 1037 1850 Quod
1052 1787 1084 1838 et
1100 1774 1231 1840 Christo
1247 1789 1322 1840 nato

374 1880 540 1967 impletum
557 1892 613 1953 est,
636 1901 674 1942 ea
695 1889 862 1940 corruente
876 1887 909 1939 et
923 1875 1035 1953 fracta,
1050 1876 1126 1961 quia
1147 1877 1321 1943 humanum

375 1982 582 2056 contrahitur,
599 1980 653 2044 ubi
670 1979 811 2043 divinum
828 1976 996 2062 imperium
1012 1976 1175 2041 dilatatur.
1214 1982 1319 2057 Quum

374 2107 449 2148 vero
464 2108 513 2147 res
528 2106 584 2169 per
595 2085 734 2168 quietem
750 2080 811 2143 alio
826 2079 995 2143 nunciante
1010 2078 1164 2156 clarescit,
1175 2083 1200 2145 si
1216 2098 1320 2148 tamen

374 2187 569 2251 enunciantis
585 2185 717 2247 honesta
737 2182 852 2267 cuique
872 2204 1005 2266 persona
1021 2182 1060 2245 sit
1076 2197 1108 2245 et
1124 2187 1321 2264 venerabilis,

373 2290 404 2351 in
428 2287 624 2352 oraculorum
652 2285 787 2370 speciem
812 2283 908 2347 cadit.
929 2311 933 2318 ¹
952 2287 1014 2347 Est
1041 2285 1124 2348 enim
1151 2288 1324 2369 oraculum,

374 2403 410 2454 ut
425 2393 470 2452 ait
485 2387 629 2474 quidam,
641 2386 750 2449 divina
766 2384 912 2448 voluntas
927 2406 981 2447 ore
996 2385 1132 2450 hominis
1147 2390 1322 2455 enunciata.

376 2490 525 2556 Hominis
560 2510 634 2552 vero
669 2486 882 2572 appellatione
918 2502 1075 2565 censetur,
1106 2491 1262 2576 quicquid
1292 2494 1323 2556 in

377 2591 477 2678 specie
499 2590 634 2653 hominis
654 2587 789 2666 videtur,
810 2587 914 2663 homo,
937 2589 1068 2672 angelus
1089 2590 1140 2663 sit,
1161 2613 1199 2654 au
1225 2597 1325 2674 Deus,

376 2714 414 2754 an
440 2690 563 2777 quoevis
589 2688 651 2753 alia
673 2701 830 2752 creatura.
876 2692 1013 2753 Persona
1036 2704 1143 2754 autem
1169 2694 1326 2778 cujusque

375 2793 507 2856 honesta
527 2805 575 2854 est
598 2804 629 2854 et
654 2789 853 2866 venerabilis,
876 2804 932 2854 aut
958 2805 1084 2868 natura,
1108 2805 1144 2856 ut
1170 2799 1324 2876 parentis;

378 2907 435 2959 aut
450 2892 640 2970 conditione,
654 2905 689 2956 ut
705 2891 845 2966 domini,
870 2906 927 2957 aut
943 2894 1096 2971 moribuS,
1111 2908 1148 2958 ut
1164 2895 1301 2981 religiosi
1314 2924 1323 2971 ς

377 3008 433 3060 aut
457 2995 596 3073 fortuna,
616 3007 652 3059 ut
674 2995 898 3078 magistratus;
931 3008 988 3058 aut
1008 2994 1169 3079 religione,
1192 3011 1227 3063 ut
1252 2998 1326 3075 Dei,

378 3098 503 3184 Angeli‚
528 3096 713 3177 hominisve,
737 3101 834 3160 sacris
856 3109 888 3160 et
910 3096 1093 3159 ceremoniis
1116 3098 1232 3165 divinis
1253 3124 1326 3165 con·

378 3199 499 3264 sectati.
543 3202 596 3263 Ex
613 3222 679 3284 quo
692 3211 837 3284 apparet,
851 3198 909 3262 etsi
930 3220 992 3262 non
1012 3198 1206 3284 simpliciter,
1223 3217 1327 3267 tamen

379 3301 552 3365 secundum
574 3300 667 3386 quid,
681 3323 831 3386 personas
851 3313 919 3365 arte
939 3301 1130 3386 conjectoria
1148 3326 1210 3367 non
1233 3310 1328 3372 modo

379 3403 538 3477 honestas,
569 3402 624 3466 sed
654 3417 686 3467 et
715 3404 917 3468 detestabiles
946 3404 1170 3469 venerabilium
1203 3412 1328 3476 nomine

379 3504 496 3569 claudi.
541 3506 631 3571 Sicut
658 3506 741 3571 enim
769 3506 945 3573 Catholicae
970 3508 1133 3593 religionis
1157 3510 1228 3588 viri,
1254 3538 1328 3579 vero

379 3611 461 3682 Deo,
477 3607 584 3693 eisque
599 3632 674 3694 quae
689 3631 820 3671 munere
835 3610 904 3693 ejus
925 3632 1012 3673 sacra
1036 3624 1120 3690 sunt,
1136 3612 1219 3698 piam
1236 3638 1329 3681 vene-

380 3712 533 3774 rationem
561 3710 763 3796 impendunt‚
785 3710 831 3774 ita
856 3710 1025 3789 haeretice,
1047 3727 1077 3776 et
1104 3716 1330 3799 superstitiosae

379 3810 540 3896 religionis
577 3812 730 3887 homines,
761 3812 843 3876 lictis
872 3813 1065 3888 numinibuS‚
1095 3815 1192 3880 immo
1222 3822 1330 3903 potius

381 3913 463 3976 veris
485 3913 694 3989 daemonibus,
711 3932 743 3978 et
766 3915 998 3978 execrabilibus
1019 3917 1115 3979 sacris
1131 3941 1252 3997 eorum,
1267 3945 1331 3987 non

381 4013 520 4079 debitam
537 4016 754 4092 reverentiam,
771 4039 844 4101 quae
859 4017 949 4080 nulla
961 4030 1021 4094 est,
1037 4018 1091 4081 sed
1112 4022 1331 4107 turpissimum

382 4115 532 4182 exhibent
549 4118 751 4182 famulatum.
790 4119 883 4195 Quod
900 4120 995 4183 latius
1009 4144 1048 4184 ex
1064 4121 1228 4204 gentilium
1246 4125 1334 4191 libris

382 4218 554 4303 colligitur.
600 4217 721 4285 AEneas
736 4220 937 4285 oraculorum
957 4222 1085 4301 indicio,
1101 4226 1285 4309 promissam
1302 4243 1334 4293 et

377 4320 546 4404 quaesitam
563 4320 685 4384 invenit
700 4321 839 4399 Italiam,
853 4334 884 4385 et
900 4322 931 4385 in
948 4346 984 4385 ea
1001 4345 1061 4386 non
1079 4338 1142 4386 tam
1156 4328 1333 4410 numinum,
