3384 5234
412 702 472 761 188
667 713 802 779 cossiars
819 712 1097 759 saaaseaamasm
1205 681 1301 774 [sm.
1320 715 1358 759 11.

409 864 469 927 hoc
491 862 661 929 mandante
682 863 822 928 Domino
841 862 984 929 demoliti
1005 877 1088 939 sunt,
1104 878 1136 929 et
1159 887 1260 950 quum
1276 865 1358 930 nulli

408 965 527 1029 ducum
553 964 613 1029 nisi
638 965 678 1029 de
701 987 794 1029 manu
820 965 950 1030 Domini
970 967 1169 1031 exercituum
1192 966 1356 1049 contingat

410 1065 551 1146 victoria,
563 1067 684 1131 auctori
694 1068 852 1131 bonorum
862 1089 924 1129 non
936 1066 1075 1132 referens
1083 1067 1228 1153 gloriam,
1237 1068 1359 1132 viribus

409 1167 476 1233 suis
495 1167 623 1232 insacia
645 1167 757 1255 populi
780 1168 820 1231 de
842 1168 958 1233 collato
979 1191 1109 1234 munere
1131 1169 1357 1256 applaudebat.

411 1269 462 1333 Sic
483 1271 566 1334 enim
583 1269 734 1356 scriptum
757 1282 823 1334 est:
852 1271 989 1334 Factum
1008 1283 1054 1334 est
1071 1271 1203 1336 verbum
1228 1270 1359 1336 Domini

409 1370 451 1435 ad
472 1369 670 1436 Samuelem:
693 1370 833 1437 Poenitet
855 1372 1014 1458 mequod
1037 1371 1257 1437 constituerim
1280 1372 1358 1435 Saul

409 1493 527 1555 regem,
548 1471 625 1557 quia
647 1470 816 1559 dereliquit
837 1494 899 1549 me,
920 1485 952 1536 et
967 1473 1065 1537 verba
1087 1494 1156 1536 mea
1179 1495 1274 1559 opere
1294 1494 1357 1535 non

409 1573 562 1660 implevit.
608 1574 824 1639 contristatus
850 1587 897 1637 est
924 1576 1062 1651 Samuel,
1087 1586 1120 1639 et
1143 1574 1291 1639 clamavit
1317 1573 1357 1639 ad

411 1675 584 1742 Dominum
601 1688 669 1739 tota
684 1688 785 1740 nocte.
819 1677 994 1761 Quumque
1009 1678 1049 1741 de
1062 1687 1155 1739 nocte
1171 1674 1359 1740 surrexisset

409 1792 445 1846 ut
456 1780 518 1844 iret
532 1780 573 1843 ad
590 1776 728 1856 Saulem,
741 1799 831 1841 mane
842 1778 1028 1842 nunciatum
1043 1790 1091 1841 est
1108 1776 1258 1854 Samueli,
1270 1776 1358 1863 quod

410 1880 545 1945 venisset
561 1880 639 1945 Saul
658 1880 689 1943 in
712 1879 905 1958 Carmelum,
920 1892 951 1943 et
967 1883 1118 1944 erexisset
1134 1879 1192 1943 sibi
1207 1879 1358 1942 fornicem

409 1980 646 2064 triumphalem,
669 1991 701 2041 et
722 2001 869 2041 reversus
888 1978 1012 2058 fuisset,
1026 1978 1305 2063 descendissetque
1327 1979 1358 2043 in

411 2079 555 2165 Galgala.
600 2078 726 2142 Deinde
747 2079 787 2141 ad
810 2079 1042 2164 increpationes
1067 2079 1222 2143 Samuelis
1239 2078 1357 2142 crimen

407 2180 630 2248 inobedientiae
645 2181 707 2244 sub
722 2191 882 2265 praetextu
895 2180 1055 2265 religionis
1069 2180 1182 2245 maluit
1196 2202 1359 2255 excusare,

408 2306 502 2372 quam
526 2282 630 2347 delere
652 2303 709 2366 per
731 2280 970 2365 poenitentiam
996 2305 1071 2369 quoe
1089 2281 1229 2347 secunda
1248 2281 1359 2345 tabula

408 2398 480 2471 post
510 2380 712 2467 naufragium
742 2381 851 2445 relicta
875 2393 922 2445 est
946 2381 1114 2469 peccatori.
1165 2384 1225 2445 Ait
1254 2382 1358 2446 enim:

411 2488 483 2551 Imo
506 2484 615 2551 audivi
639 2505 746 2547 vocem
769 2482 912 2560 Domini,
935 2498 966 2548 et
988 2482 1150 2548 ambulavi
1171 2483 1203 2547 in
1227 2484 1278 2548 via
1301 2506 1359 2570 per

409 2609 506 2673 quam
532 2585 617 2651 misit
643 2608 695 2651 me
721 2585 891 2660 Dominus,
916 2597 949 2650 et
978 2585 1102 2651 adduxi
1128 2590 1222 2671 Agag
1250 2608 1357 2669 regem

409 2686 575 2761 Amalech,
588 2699 619 2751 et
636 2685 789 2751 Amalech
805 2685 961 2751 interfeci.
990 2684 1079 2752 Tulit
1096 2698 1202 2751 autem
1219 2685 1359 2773 populus

409 2788 450 2851 de
468 2787 578 2872 praeda
599 2810 676 2852 oves
696 2799 729 2851 et
751 2786 848 2851 boves
872 2788 1030 2872 primitias
1051 2809 1161 2853 eorum
1182 2810 1256 2873 quae
1279 2810 1361 2852 caesa

409 2902 494 2970 sunt,
510 2901 546 2953 ut
562 2888 702 2953 immolet
718 2889 857 2953 Domino
872 2891 943 2953 Deo
957 2911 1016 2953 suo
1031 2889 1063 2952 in
1079 2889 1235 2974 Galgalia
1274 2892 1359 2953 Ecce

408 2991 569 3076 quomodo
591 3014 624 3055 se
645 2991 749 3077 ipsum
769 3004 916 3070 excusat,
938 3003 970 3056 et
992 2992 1149 3078 quicquid
1175 2991 1278 3077 culpae
1301 3004 1360 3070 est,

408 3104 465 3156 aut
489 3104 653 3172 extenuat,
678 3104 735 3157 aut
761 3092 903 3157 refundit
924 3093 957 3156 in
984 3093 1153 3178 populum.
1199 3094 1260 3157 Ait
1283 3114 1360 3177 ergo

411 3193 552 3260 Samuel:
566 3195 597 3258 N
601 3193 801 3280 unquidvult
808 3192 967 3257 Dominus
975 3194 1156 3258 holocausta
1164 3208 1195 3259 et
1203 3194 1357 3270 victimas,

408 3309 441 3359 et
456 3317 517 3360 non
533 3296 639 3381 potius
663 3309 699 3360 ut
714 3296 885 3360 obediatur
901 3295 970 3359 voci
986 3296 1140 3360 Domini?
1178 3295 1296 3360 Melior
1310 3307 1358 3357 est

408 3398 491 3459 enim
506 3395 686 3460 obedientia
708 3418 805 3480 quam
821 3395 977 3474 victimae3
1000 3407 1031 3459 et
1046 3394 1228 3459 auscultare
1249 3393 1358 3478 magis,

409 3519 505 3581 quam
520 3498 633 3562 offerre
655 3497 780 3581 adipem
799 3497 945 3563 arietum.
990 3496 1148 3574 Quoniam
1171 3499 1264 3583 quasi
1284 3518 1358 3581 pec·

408 3610 515 3661 catum
531 3598 685 3663 ariolandi
700 3612 747 3664 est
770 3621 960 3685 repugnare,
974 3611 1007 3663 et
1021 3599 1114 3683 quasi
1133 3597 1234 3662 scelus
1251 3595 1359 3660 Idolo-

408 3698 511 3764 latriae
526 3699 608 3763 nolle
628 3702 837 3783 acquiescere.
882 3704 947 3765 Pro
968 3725 1006 3765 eo
1025 3701 1114 3788 quod
1132 3699 1272 3787 abjecisti
1294 3722 1360 3763 ser·

410 3822 535 3866 monem
552 3799 683 3863 Domini
703 3802 818 3886 abjecit
840 3815 872 3867 te
887 3806 1045 3867 Dominus
1058 3826 1098 3865 ne
1114 3802 1155 3866 sis
1174 3824 1242 3867 rex.
1286 3802 1361 3886 Ego

409 3902 539 3990 quidem
570 3899 713 3965 similiter
742 3904 879 3968 arbitror
904 3906 1028 3969 evenire
1053 3905 1212 3983 omnibus,
1239 3903 1297 3991 qui
1326 3904 1358 3968 in

410 4002 603 4070 sublimitate
612 4002 777 4068 constituti
787 4005 907 4069 abeunt
915 4020 987 4091 post
997 4005 1266 4090 concupiscentias
1276 4026 1360 4081 suas,

410 4090 441 4171 et
467 4105 678 4192 principatum
703 4128 739 4169 ac
770 4106 945 4172 dominium
976 4107 1173 4185 simulantes,
1201 4118 1358 4170 tumorem

410 4231 501 4276 suum
517 4217 664 4273 exercent
679 4206 710 4269 in
727 4207 884 4290 subditos,
898 4222 1101 4294 eoaequantes
1116 4209 1209 4273 libito
1224 4206 1359 4282 licitum,

410 4336 446 4377 ac
462 4311 487 4377 si
504 4310 585 4377 colla
600 4332 709 4374 eorum
721 4310 803 4395 jugo
816 4309 935 4374 divinae
952 4310 1030 4394 legis
1045 4310 1189 4395 subjecta
1203 4330 1265 4373 non
1283 4307 1360 4385 sint,
