3384 5234
192 727 195 733 <
308 695 379 741 cnr.
397 675 459 757 x1.]
661 692 916 738 eonrcmrrcus.
1198 680 1261 738 ‘257

306 843 1115 930 mitissimum,quumecontrariocertumsit‚quod
1125 856 1259 931 propter

305 961 434 1033 peccata
458 944 570 1033 populi
592 944 750 1031 permittit
773 948 865 1009 Deus
890 967 1020 1030 regnare
1046 944 1259 1032 hypocritam,

304 1061 336 1113 et
355 1047 550 1135 impossibile
569 1069 636 1111 esse
656 1057 694 1111 ut
714 1044 771 1110 diu
792 1067 892 1131 regno
912 1044 1053 1130 gaudeat
1074 1045 1129 1131 qui
1147 1044 1260 1132 populi

305 1148 534 1225 humiliatione,
550 1161 583 1214 et
605 1146 737 1234 proprio
751 1145 880 1232 fastigio
902 1147 1038 1233 superbe
1058 1148 1153 1212 nimis
1165 1147 1260 1212 exul·

306 1263 364 1315 tat.
410 1250 473 1315 Sed
502 1249 589 1314 illius
617 1249 742 1313 dicebat
772 1247 921 1333 protendi
951 1248 1175 1335 principatum,
1202 1249 1260 1335 qui

306 1350 393 1438 apud
405 1374 438 1415 se
453 1352 493 1416 de
507 1349 696 1415 conscientia
706 1349 898 1413 humilitatis
909 1372 1032 1437 semper
1044 1350 1074 1414 in
1088 1373 1120 1414 se
1130 1350 1260 1435 angitur

306 1454 399 1539 quasi
412 1465 557 1537 regnaret
571 1452 701 1517 invitus.
733 1453 814 1515 Haec
829 1450 907 1515 mihi
919 1452 1123 1518 Placentinus
1133 1452 1260 1538 hospes,

307 1568 340 1622 et
355 1568 393 1621 ut
408 1556 513 1634 credo,
528 1555 603 1619 fidei
623 1567 868 1619 consentaneum
883 1568 941 1621 est.
984 1555 1063 1620 Tale
1077 1555 1199 1642 aliquid
1213 1555 1260 1619 in·

308 1658 435 1723 venitur
463 1658 495 1722 in
526 1656 652 1741 scriptis
680 1656 847 1744 majorum.
892 1659 999 1735 Qutrm
1031 1658 1113 1722 enirn
1145 1657 1260 1723 Helius

311 1761 424 1823 Romae
446 1760 669 1847 praefecturam
691 1757 891 1843 splendidius
912 1772 1031 1846 ageret,
1047 1784 1087 1825 ex
1110 1762 1260 1825 Senatore

310 1863 491 1948 Imperator
512 1873 640 1926 creatus
654 1873 719 1925 est:
746 1859 813 1946 qui,
828 1884 900 1926 eum
921 1862 1106 1927 obsecrante
1130 1864 1260 1940 Senatu,

310 1955 346 2029 ul
362 1964 464 2028 filium
480 1966 650 2037 Caesarem,
667 1984 762 2047 quem
780 1962 930 2039 habebat,
948 1966 1135 2050 Augustum
1153 1967 1261 2051 appel·

309 2066 401 2143 laret,
417 2064 577 2143 Sufficere,
599 2064 719 2150 inquit,
737 2063 844 2140 debet,
866 2066 954 2151 quod
975 2090 1036 2153 ego
1056 2070 1125 2153 ipse
1143 2065 1262 2131 invitus

308 2167 505 2252 regnaverim
517 2188 618 2254 quurn
631 2188 693 2229 non
710 2188 857 2230 mererer.
888 2166 1092 2254 Principatus
1103 2167 1186 2231 enim
1198 2189 1261 2230 non

310 2268 456 2354 sanguini
476 2267 624 2343 debetur,
647 2266 704 2331 sed
727 2268 870 2333 meritis:
903 2280 935 2334 et
958 2269 1115 2335 inutiliter
1140 2279 1264 2355 regnat,

312 2368 365 2454 qui
383 2392 440 2433 rex
461 2372 614 2445 nascitur,
629 2391 690 2433 non
714 2380 864 2433 meretur.
910 2372 956 2432 Et
976 2368 1190 2454 proculdubio
1209 2391 1264 2453 pa-

310 2474 409 2535 rentis
426 2472 574 2536 affectum
600 2469 700 2548 exuit,
723 2468 780 2555 qui
800 2468 952 2554 parvulos
970 2492 1044 2533 suos
1069 2469 1264 2554 importabili

309 2572 391 2635 mole
406 2575 584 2659 superjecta
598 2570 768 2654 extinguit.
813 2573 887 2634 Hoc
903 2567 1031 2654 quidem
1048 2583 1095 2633 est
1110 2570 1263 2633 suffocare

310 2671 436 2750 liberos,
451 2696 513 2737 non
529 2692 723 2757 promovere.
767 2668 883 2735 Alendi
902 2668 990 2754 prius
1005 2681 1091 2746 sunt,
1106 2681 1138 2733 et
1153 2669 1186 2732 in
1202 2669 1265 2732 vir·

311 2774 437 2838 tutibus
451 2771 634 2849 exercendi3
658 2785 689 2837 et
705 2793 807 2856 quum
822 2770 854 2835 in
870 2794 908 2835 eo
921 2770 1123 2856 profecerint,
1139 2783 1175 2836 ut
1190 2794 1264 2857 pro-

312 2876 430 2940 bentur
441 2875 511 2939 illos
523 2874 699 2940 virtutibus
713 2874 910 2955 antecedere,
920 2898 1002 2961 quos
1017 2874 1134 2941 debent
1145 2877 1265 2939 honore

312 2977 442 3056 anteire,
452 2978 578 3042 invitati
589 2976 772 3055 ascendant,
783 2989 816 3042 et
828 3000 861 3041 se
871 2978 990 3043 civium
1002 2999 1132 3042 suorum
1144 3000 1263 3063 nequa-

312 3103 408 3168 quam
423 3080 612 3145 subtrahant
628 3080 723 3145 votis.
766 3078 846 3157 Quis
863 3080 947 3144 enim
961 3079 1033 3145 illos
1047 3080 1180 3164 ambigit
1194 3080 1265 3144 aliis

311 3181 536 3269 praeierendos‚
553 3183 611 3267 qui
634 3180 725 3267 quasi
747 3181 885 3246 naturali
904 3181 1076 3267 probitatis
1097 3181 1265 3267 privilegio

312 3282 466 3369 ampliati,
488 3283 645 3368 majorum
668 3282 770 3347 titulis
791 3279 968 3347 invitantur
988 3281 1030 3344 ad
1052 3281 1216 3353 virtutem,
1232 3293 1264 3345 et

311 3384 484 3449 eorundem
514 3383 667 3449 beneficio
701 3383 823 3448 futurae
853 3382 1005 3448 bonitatis
1038 3383 1108 3449 aliis
1141 3384 1264 3448 faciunt

313 3484 433 3548 fidem?
465 3486 546 3551 Haec
567 3484 630 3550 ille.
676 3487 721 3550 Et
737 3483 866 3570 quidem
887 3484 1048 3570 eleganter
1061 3485 1264 3573 privilegium

315 3586 470 3671 expressit
483 3586 720 3675 principis,cui‚
732 3609 771 3651 ex
783 3586 918 3673 antiquo
932 3609 1062 3651 munere
1077 3587 1150 3668 Dei,
1161 3610 1266 3652 succe-

258 3730 261 3734 <
316 3688 398 3754 dunt
414 3688 469 3753 filii
484 3689 717 3770 indubitanter,
732 3687 790 3751 nisi
805 3687 956 3774 iniquitas
970 3689 1133 3754 subvertat
1149 3688 1266 3777 princi·

314 3802 435 3874 patum.
