3384 5234
334 708 405 755 can.
420 692 519 771 xxii]
685 708 938 755 nonrcmrrcns.
1140 700 1143 704 '
1225 697 1283 757 lat

335 858 395 922 sibi
410 859 611 923 manifestata
630 883 696 924 esse
716 860 970 945 congratulatur,
984 882 1081 943 opera
1102 860 1172 946 ejus
1188 882 1286 947 supra

335 982 459 1024 sensum
476 961 611 1026 hominis
626 962 828 1047 magnificata
845 963 968 1038 asserit,
984 974 1016 1026 et
1032 962 1108 1024 dum
1126 974 1287 1027 scrutatur

334 1062 451 1138 omnia,
478 1064 687 1148 cogitationes
717 1062 873 1127 Altissimi
902 1062 996 1126 nimis
1025 1062 1201 1148 profundas
1230 1085 1288 1147 ag·

335 1164 444 1229 noscit.
491 1168 580 1230 Huic
597 1166 725 1229 veritati
746 1175 910 1242 consonat,
932 1164 1018 1249 quod
1040 1165 1072 1228 in
1097 1164 1288 1229 Ecclesiaste

335 1278 463 1329 sanctus
480 1265 625 1329 Salomon
642 1266 674 1329 in
691 1263 805 1328 auditu
821 1263 962 1326 fidelium
979 1263 1201 1328 concionatur:
1227 1266 1287 1329 Est

336 1367 431 1429 bomo
450 1369 509 1453 qui
531 1366 647 1431 diebus
669 1378 699 1430 et
724 1364 872 1429 noctibus
894 1387 957 1428 non
979 1364 1064 1449 capit
1087 1364 1185 1428 oculis
1208 1387 1289 1428 som·

336 1489 426 1543 num,
442 1480 473 1530 et
488 1467 633 1533 intellexi
654 1466 743 1553 quod
763 1468 907 1529 omnium
928 1488 1060 1551 operum
1077 1465 1150 1540 Dei,
1166 1465 1287 1550 nullam

337 1570 478 1632 invenire
493 1570 592 1653 possit
612 1570 707 1633 homo
730 1568 882 1632 rationem
905 1589 1014 1630 eorum
1038 1589 1112 1652 quae
1133 1580 1207 1630 sunt
1228 1567 1289 1631 sub

339 1668 414 1732 sole.
463 1672 508 1733 Et
533 1684 653 1753 quanto
683 1669 755 1755 plus
785 1668 977 1732 laboraverit
1000 1667 1040 1731 ad
1067 1654 1287 1753 quaerendum,

339 1782 429 1834 tanto
444 1770 548 1833 minus
563 1770 716 1846 inveniet;
737 1770 860 1836 etiamsi
871 1770 988 1834 dixerit
1003 1772 1126 1855 sapiens
1141 1791 1173 1832 se
1188 1791 1289 1845 nosse,

339 1890 404 1933 non
430 1872 547 1955 poterit
574 1874 720 1956 reperire.
766 1872 798 1935 Si
826 1894 903 1955 ergo
933 1870 1066 1933 inveniri
1093 1891 1154 1933 non
1184 1882 1289 1954 potest

337 1972 420 2034 ratio
435 1972 656 2047 subsolarium,
673 1973 746 2057 quis
760 1972 853 2057 plene
875 1971 1122 2057 suprasolarium
1144 1970 1290 2035 redditu·

338 2096 394 2137 rus
414 2086 460 2137 est
483 2073 662 2137 rationem?
702 2073 784 2146 Quis
805 2072 887 2135 enim
912 2072 1062 2156 cognovit
1077 2093 1202 2136 sensum
1225 2075 1291 2136 Do-

339 2174 428 2250 mini,
443 2186 500 2237 aut
516 2172 587 2259 quis
602 2172 800 2236 consiliarius
822 2173 891 2257 ejus
905 2172 992 2236 fuit?
1032 2175 1167 2238 Constat
1182 2172 1291 2258 itaque

341 2278 384 2341 sic
399 2279 553 2341 rationem
569 2276 712 2339 omnium
729 2274 873 2339 veritatis
894 2273 1006 2339 ardore
1021 2278 1237 2360 quaerendam,
1254 2288 1291 2342 ut

340 2378 394 2463 pia
407 2377 543 2440 intentio
564 2398 652 2440 suam
676 2374 889 2439 infirmitatem
913 2390 1073 2459 agnoscat,
1089 2389 1120 2441 et
1136 2400 1176 2441 ex
1190 2378 1291 2442 omni·

340 2480 403 2545 bus
428 2480 525 2543 rebus
550 2480 707 2565 proficiat,
733 2478 811 2542 dum
841 2478 901 2542 sibi
928 2479 1119 2563 persuaserit
1148 2479 1290 2543 divinam

340 2582 534 2666 majestatem
559 2579 696 2644 fideliter
718 2579 946 2657 honorandam,
960 2592 990 2642 et
1007 2578 1228 2643 misericordiae
1243 2581 1291 2643 in-

340 2682 514 2746 deficientis
529 2682 677 2767 abyssum
696 2682 819 2767 jugiter
834 2678 1094 2766 amplectendam.
1142 2684 1292 2766 Denique

340 2784 427 2869 apud
442 2782 648 2872 philosophos
659 2797 786 2847 cautum
804 2794 862 2859 est,
876 2782 952 2846 talia
966 2803 1093 2847 manere
1108 2781 1291 2867 praedicata,

341 2884 450 2970 qualia
479 2884 623 2969 subjecta
658 2883 870 2969 permiserint,
900 2883 1108 2969 omniumque
1137 2883 1291 2970 praedica-

342 2984 527 3047 mentalium
551 2986 628 3061 vim,
653 2994 685 3047 et
708 2983 935 3069 proprietatem
959 2983 1153 3047 naturalium
1175 2984 1293 3049 finibus

341 3084 491 3148 limitari:
526 3084 735 3169 eandemque,
757 3106 857 3171 quum
888 3083 928 3146 ad
956 3082 1081 3149 culmen
1106 3084 1293 3169 Theologiae

342 3185 534 3266 ascenditur,
549 3189 643 3271 quasi
657 3185 766 3249 nativo
780 3184 886 3248 colore
907 3185 1104 3262 destitutam,
1121 3202 1153 3249 et
1168 3186 1292 3263 robore,

343 3286 478 3350 alterari.
523 3286 621 3351 Plane
647 3286 754 3351 deficit
776 3286 823 3350 vis
845 3287 1027 3365 verborum,
1052 3296 1084 3349 et
1114 3286 1293 3351 intellectus
1316 3364 1319 3369 .

343 3387 411 3471 ipse
426 3386 567 3451 mortalis
579 3390 768 3464 succumbit,
781 3390 838 3453 ubi
854 3388 971 3452 divinae
983 3387 1155 3453 discutitur
1164 3388 1294 3452 immen-

344 3491 421 3552 sitas
442 3489 625 3573 majestatis,
641 3502 673 3554 et
688 3491 720 3553 in
736 3491 935 3556 naturalibus
958 3490 1091 3570 obtinet,
1107 3491 1157 3555 bis
1174 3490 1293 3557 scilicet

344 3612 418 3675 quae
440 3611 547 3652 rerum
570 3614 736 3655 numerum
760 3607 879 3678 augent
895 3590 945 3655 vel
967 3595 1128 3672 minuunt,
1146 3606 1183 3657 ut
1207 3594 1294 3678 quod

342 3691 407 3755 t'uit
423 3714 485 3754 non
500 3692 597 3777 possit
614 3715 677 3756 non
692 3693 808 3767 fuisse;
833 3706 968 3757 autnon
990 3694 1191 3778 praeteriisse,
1208 3694 1294 3780 quod

342 3793 508 3877 praeteriit,
525 3793 603 3857 dum
626 3808 730 3857 tamen
755 3795 841 3880 quod
860 3817 967 3859 verum
990 3795 1065 3873 fuit,
1085 3818 1188 3859 secum
1212 3796 1295 3859 forte

342 3898 513 3969 lecturum,
529 3894 735 3958 nihilominus
749 3916 863 3958 verum
880 3918 943 3958 non
954 3894 1052 3957 fuisse
1067 3895 1176 3979 possit.
1202 3894 1295 3972 Quod

344 3996 454 4080 itaque
467 3998 667 4080 praeteritum
691 4007 751 4070 est,
767 3996 908 4058 revocari
928 4018 990 4058 non
1011 4006 1117 4080 potest
1131 4018 1171 4057 ne
1185 3995 1295 4070 fuerit,

344 4109 374 4161 et
391 4120 482 4183 aeque
498 4096 586 4182 quod
601 4118 642 4158 ex
657 4095 778 4159 insidiis
793 4096 932 4160 fortunae
952 4095 1081 4181 pendet,
1097 4094 1174 4158 dum
1193 4108 1295 4159 tamen

344 4219 385 4260 ex
399 4197 552 4261 facilitate
574 4207 698 4259 naturoe
721 4194 905 4259 utriuslibet
925 4195 1020 4259 sortis
1042 4207 1190 4278 expectat
1204 4216 1298 4257 even·

344 4295 522 4375 tum,nulla
537 4294 699 4358 eveniendi
716 4295 776 4358 sibi
792 4298 960 4358 necessitas
971 4292 1108 4375 subjicit.
1147 4292 1200 4356 Sic
1214 4292 1297 4354 forte
