3384 5234
414 673 478 731 202
651 681 787 727 ronurus
803 681 1082 729 sanusnunrnusrs
1220 666 1300 745 [rm.
1317 688 1368 731 111.

413 837 518 921 poenis
547 858 612 900 non
644 835 802 899 verebitur
831 834 1005 918 objectare.
1056 836 1121 900 Sed
1150 837 1237 920 quod
1266 839 1367 920 magis

412 940 567 1015 mirabile,
597 940 813 1021 gratulabitur,
835 939 863 1001 si
893 940 1010 1002 astutia
1032 961 1090 1002 sua
1111 938 1276 1003 industriae
1305 951 1368 1004 tuae

410 1043 536 1105 labores
551 1053 583 1104 et
597 1041 841 1117 sollicitudines,
855 1041 917 1104 hac
932 1041 1079 1105 mercede
1095 1041 1270 1119 donaverit,
1285 1054 1321 1106 ut
1335 1053 1366 1106 te

412 1141 525 1206 reddat
540 1143 702 1219 infamem,
712 1151 744 1205 et
759 1142 785 1204 si
796 1141 919 1218 fecerit,
928 1151 983 1204 aut
995 1142 1124 1206 finxerit
1134 1151 1165 1206 te
1178 1144 1367 1209 criminibus

409 1243 561 1306 inauditis
573 1244 757 1307 obnoxium.
803 1244 878 1305 Non
895 1252 945 1306 est
956 1244 1040 1306 enirn
1054 1246 1171 1307 malum
1187 1246 1222 1307 in
1234 1245 1363 1310 civitate

409 1344 566 1429 quodnon
576 1346 609 1407 in
620 1345 727 1408 divitis
736 1345 1251 1430 consiliariosimpingatur,quum
1261 1348 1365 1411 inanis

409 1448 451 1509 sit
466 1447 644 1522 excusatio,
659 1467 697 1509 eo
713 1445 801 1529 quod
824 1466 919 1509 omne
935 1447 1086 1524 officium,
1101 1448 1164 1511 sibi
1180 1457 1361 1531 potentatus

409 1548 594 1625 conformat,
608 1567 769 1630 nemoque
785 1546 915 1629 sapiens
931 1546 987 1609 diu
1003 1550 1137 1612 fluctuat
1152 1550 1287 1612 consilio
1303 1550 1363 1612 im·

407 1644 612 1727 prudentum.
672 1644 789 1708 Omnia
818 1664 958 1727 namque
988 1644 1143 1709 discernit
1172 1659 1205 1709 et
1227 1646 1363 1730 judicat.
1430 1684 1433 1689 ·

407 1749 548 1809 Ancum
565 1758 660 1829 putas
676 1746 711 1808 in
728 1745 924 1809 conscientia
945 1767 1003 1808 sua
1022 1768 1168 1810 securum
1189 1749 1363 1831 quiescere,

406 1847 499 1931 cujus
513 1848 740 1931 turpitudinem
756 1846 933 1929 producere
947 1859 1040 1931 potes
1055 1849 1088 1912 iu
1111 1850 1228 1927 lucem,
1243 1863 1274 1914 et
1289 1872 1361 1934 pro·
1417 1899 1422 1908 .

407 1949 487 2011 ferre
509 1949 543 2009 in
567 1946 755 2031 publicum?
780 1948 875 2011 Certe
898 1950 1013 2025 omnis,
1029 1952 1085 2033 qui
1099 1953 1202 2014 malus
1217 1962 1277 2026 est,
1294 1952 1363 2015 odit

405 2049 522 2111 lucem.
566 2048 612 2109 Et
633 2067 715 2130 opus
737 2068 844 2125 omne,
867 2047 999 2111 artificis
1029 2051 1077 2113 sui
1099 2049 1222 2114 ridetur
1242 2052 1361 2114 habere

406 2150 587 2228 imaginem.
646 2148 922 2212 Meretricantium
954 2150 1120 2214 mulierum
1157 2153 1249 2215 fucus
1285 2152 1361 2215 dum

405 2250 495 2332 argui
510 2260 633 2312 veretur
644 2250 803 2327 alumine,
814 2251 896 2332 petit
911 2252 1051 2325 umbras,
1067 2262 1099 2315 et
1113 2252 1204 2317 timet
1215 2274 1256 2315 ne
1272 2254 1358 2336 seip-

408 2352 452 2415 sis
468 2351 672 2414 deformiores
691 2352 764 2429 sint,
779 2352 806 2414 si
821 2351 1006 2416 immediata
1019 2355 1091 2417 luce
1107 2353 1286 2418 videntium
1301 2357 1359 2418 ob·

404 2452 527 2517 tutibus
555 2461 695 2535 pateant.
741 2454 817 2515 Hoc
849 2475 926 2536 ergo
948 2454 1073 2517 illarum
1104 2463 1171 2518 tota
1192 2456 1357 2537 vigilantia

408 2556 532 2639 quaerit,
541 2564 576 2618 ut
587 2555 673 2639 quod
683 2577 750 2618 non
762 2556 856 2619 estin
872 2558 928 2633 eis,
941 2556 1110 2640 praestricti
1122 2556 1207 2621 oculi
1219 2557 1358 2638 videant,

406 2666 440 2721 et
461 2658 517 2741 qui
540 2657 659 2731 vident,
684 2657 762 2721 caeci
784 2658 913 2721 faciant.
957 2661 1000 2721 At
1020 2659 1055 2721 in
1077 2658 1128 2723 his
1150 2680 1222 2743 quae
1247 2661 1356 2724 nativo

404 2761 510 2824 colore
526 2760 704 2834 confidunt,
719 2760 817 2839 longe
833 2760 923 2822 aliter
937 2769 998 2838 est,
1013 2760 1089 2844 quia

509 2888 576 2941 Haec
587 2893 660 2940 amat
671 2888 816 2953 obscurum,
828 2888 899 2942 volet
910 2889 966 2941 hec
977 2890 1025 2943 sub
1037 2890 1094 2943 luce
1106 2891 1197 2956 rideri,

508 2975 525 3025 J
526 2975 608 3028 udicis
619 2980 740 3042 argutum
751 2992 808 3043 quae
819 2992 871 3027 non
882 2974 1003 3028 formidat
1014 2994 1131 3030 acumen.

402 3096 495 3160 Licet
508 3096 616 3179 itaque
637 3106 830 3159 secretorum
851 3096 1033 3159 communio
1056 3096 1181 3180 aliquid
1195 3097 1356 3162 felicitatis

403 3195 549 3259 videatur
570 3195 720 3279 adjicere,
736 3196 899 3259 securitati
921 3208 1027 3258 tamen
1050 3193 1223 3278 plurimum
1246 3195 1355 3260 demit.

402 3297 556 3376 Difficile,
571 3308 626 3360 aut
647 3298 755 3381 potius
777 3297 975 3381 impossibile
998 3307 1045 3360 est
1066 3298 1139 3361 illos
1160 3319 1355 3381 percurrere,

403 3401 459 3484 qui
487 3400 548 3463 hac
578 3401 631 3462 via
661 3399 702 3462 ad
732 3399 853 3462 inferos
884 3397 1133 3472 descenderunt,
1164 3409 1220 3463 aut
1248 3399 1354 3482 poenis

401 3500 584 3563 novissimis
600 3521 633 3562 se
647 3501 867 3581 ingemuerunt
881 3502 1023 3563 affectos.

506 3628 568 3682 Heu
579 3629 644 3681 mihi
655 3648 699 3682 cur
710 3630 773 3694 vidi,
785 3648 830 3681 cur
840 3630 920 3682 noxio
931 3628 1030 3683 lumina
1041 3629 1105 3682 feci!

399 3752 504 3836 inquit
525 3752 589 3830 ille,
612 3754 666 3836 qui
690 3775 731 3816 an
754 3752 794 3815 de
817 3753 1015 3815 conscientia
1037 3753 1144 3829 alieni,
1167 3774 1207 3815 an
1229 3752 1352 3835 proprii

399 3854 504 3939 operis
527 3875 616 3917 noxa
641 3854 897 3937 deportationem
926 3854 1084 3930 meruerit,
1110 3854 1268 3917 incertum
1293 3864 1352 3917 est.

398 3958 528 4022 Certum
559 3969 665 4021 tamen
693 3967 752 4031 est,
779 3956 866 4039 quod
891 3958 975 4019 mala
999 3957 1105 4020 aliena
1128 3957 1255 4020 novisse
1285 3977 1352 4019 non

397 4058 538 4140 expedit.
584 4060 798 4121 Veruntamen
822 4058 890 4120 sive
914 4059 1064 4136 sciantur,
1086 4059 1151 4121 sive
1174 4080 1250 4137 non,
1268 4058 1351 4120 nihil

397 4158 496 4221 tutius
518 4168 575 4232 est,
591 4180 685 4241 quarn
708 4159 871 4241 propriam
895 4159 1125 4221 conscientiam
1148 4177 1345 4221 conservare.

396 4258 611 4339 Philosophus
634 4259 680 4322 sic
703 4259 784 4320 inter
806 4259 915 4321 hostes
932 4260 1100 4323 vivendum
1123 4258 1259 4333 censuit,
1276 4268 1347 4322 tan·
