3384 5234
311 660 383 711 nir.
401 649 447 728 v.]
689 658 945 718 possessurus
1230 652 1271 715 8³

315 816 415 885 ratrix
442 828 492 881 est
516 818 589 892 loci,
617 815 780 901 temporis,
807 816 905 893 modi,
930 839 1083 901 personae,
1107 829 1138 884 et
1164 841 1267 884 causae

314 917 477 1004 praemissa
491 918 656 1003 inspectio,
672 940 747 1002 quae
766 918 909 982 omnium
933 919 1134 1003 negotiorum
1155 918 1268 985 faciem

313 1018 430 1085 decora
455 1030 622 1085 venustate
645 1018 859 1098 commendat,
880 1031 937 1084 aut
961 1020 1173 1105 turpitudinis
1196 1044 1270 1085 con·

313 1120 447 1186 demnas
472 1120 656 1208 opprobrio.
701 1124 763 1185 Est
784 1142 863 1203 ergo
883 1120 915 1183 in
940 1121 1073 1205 singulis
1093 1122 1270 1209 plurimum

316 1223 463 1289 habenda
489 1221 573 1289 ratio
600 1240 818 1309 personarum,
844 1244 947 1307 quum
970 1235 1095 1301 natura,
1118 1224 1270 1302 conditio,

313 1323 455 1404 fortuna,
475 1324 540 1389 suis
562 1324 697 1409 singulae
719 1322 878 1387 hominem
898 1323 1035 1388 induant
1055 1326 1208 1410 personis,
1228 1348 1271 1390 ex

319 1425 438 1508 quibus
459 1425 539 1512 quid
560 1425 731 1503 sederent,
754 1424 1008 1511 uniuscujusque
1029 1426 1090 1492 erit
1111 1426 1268 1512 colligere.

320 1524 484 1591 Decorum
513 1526 671 1612 siquidem
701 1523 831 1590 aliunde
861 1547 923 1590 non
954 1527 1110 1611 provenit.
1155 1527 1271 1591 Chilon

321 1627 583 1691 Lacedaemonius
593 1627 769 1713 jungendae
790 1626 950 1691 societatis
964 1650 1060 1692 causa
1080 1628 1195 1693 missus
1212 1630 1274 1693 Co-

317 1728 473 1809 rinthum,
488 1728 585 1794 duces
598 1742 631 1794 et
651 1733 787 1795 seniores
800 1728 913 1815 populi
936 1728 1083 1795 ludentes
1098 1728 1218 1796 invenit
1237 1731 1271 1795 in

321 1829 400 1895 alea.
442 1830 566 1895 Infecto
582 1830 693 1917 itaque
713 1830 842 1917 negotio
864 1851 1009 1894 reversus
1030 1842 1089 1907 est,
1112 1829 1219 1896 dicens
1241 1854 1274 1897 se

320 1930 403 1996 nolle
417 1931 550 2017 gloriam
568 1934 808 2018 Spartanorum,
825 1951 961 2016 quorum
977 1931 1079 1996 virtus
1093 1945 1274 2001 constructo

323 2030 481 2118 Byzantio
497 2031 703 2107 clarescebat,
719 2031 779 2095 hec
798 2031 960 2096 maculare
979 2031 1121 2112 infamia,
1136 2045 1174 2097 ut
1190 2033 1274 2098 dice—

318 2146 429 2198 rentur
441 2156 516 2198 cum
538 2133 733 2198 aleatoribus
745 2132 941 2198 contraxisse
961 2134 1151 2199 societatem.
1190 2136 1274 2219 Regi

315 2257 449 2321 quoque
460 2234 628 2301 Demetrio
641 2234 675 2298 in
687 2234 895 2321 opprobrium
911 2235 1042 2321 puerilis
1053 2236 1203 2312 levitatis,
1216 2238 1274 2302 uti

313 2340 406 2402 sarai
434 2360 453 2402 a
484 2357 560 2421 rege
585 2335 780 2401 Parthorum
810 2334 880 2399 dati
906 2347 990 2401 sunt.
1035 2338 1087 2401 Εο
1113 2337 1273 2423 siquidem

317 2458 449 2503 munere
467 2436 696 2502 exhonoranda
716 2437 786 2502 viss
807 2450 854 2501 est
875 2436 1085 2504 adolescentia
1106 2438 1223 2515 senilis,
1239 2452 1272 2504 et

316 2565 391 2628 quae
405 2540 438 2605 in
454 2541 619 2626 majestate
629 2542 721 2625 regui
735 2539 818 2603 levia
828 2539 1024 2605 committere
1040 2540 1169 2605 minime
1184 2563 1271 2605 vere-

317 2645 424 2710 batur.
457 2641 553 2707 Nunc
564 2663 640 2705 vero
652 2640 806 2705 nobilium
818 2641 901 2705 ineo
916 2641 1273 2728 sapientiadeclarstur,
1377 2658 1379 2661 ’

320 2744 538 2811 sirensticam
561 2742 759 2823 noverintsi
782 2743 814 2805 in
833 2742 902 2807 ales
922 2741 1134 2808 damnabilius
1155 2742 1275 2809 luerint

319 2845 472 2921 instituti,
492 2845 521 2909 si
542 2857 669 2911 naturae
690 2845 790 2909 robur
813 2845 1013 2910 effaeminatae
1028 2844 1114 2910 vocis
1133 2844 1275 2909 articulis

317 2944 485 3031 fregerint,
507 2944 533 3009 si
557 2944 661 3009 modis
685 2956 717 3009 et
742 2944 870 3009 musicis
892 2944 1123 3021 instrumentis,
1144 2944 1274 3010 virtutis

319 3049 518 3113 immemores
535 3046 764 3113 obliviscantur
786 3046 873 3132 quod
896 3046 963 3112 nati
987 3057 1071 3110 sunt.
1109 3050 1230 3111 Verum
1252 3070 1273 3111 a

318 3149 507 3237 parentibus
533 3150 602 3214 hec
625 3149 782 3236 pernicies
808 3159 918 3213 manat
943 3147 985 3212 ad
1013 3146 1140 3211 liberos.
1185 3146 1275 3221 Quid

318 3252 402 3315 enim
416 3252 511 3318 faciet
527 3251 621 3332 lilius,
630 3251 692 3315 nisi
707 3250 795 3336 quod
810 3261 934 3337 patrem
955 3248 1068 3313 viderit
1082 3248 1271 3314 facientem?

425 3409 453 3462 sl
464 3411 588 3464 damnosa
599 3427 690 3463 senem
697 3409 772 3480 juvet
784 3408 852 3474 ales,
863 3407 930 3461 ludit
943 3412 970 3460 et
981 3407 1065 3459 hares

422 3496 552 3563 Bullatus‚
564 3513 693 3569 parvoque
705 3496 797 3549 eadem
808 3500 894 3547 movet
905 3511 978 3546 arma
988 3491 1090 3545 ffitillo.

320 3644 442 3712 Fuerat
450 3642 579 3730 quidem
589 3642 725 3710 tenerior
735 3654 813 3708 setas
821 3666 840 3705 a
852 3638 1041 3706 libidinibus
1053 3650 1086 3704 et
1097 3636 1273 3725 voluptate,

316 3759 448 3835 parente
473 3748 636 3821 citiorum,
662 3743 798 3809 arcenda
823 3741 1032 3828 propensius3
1054 3733 1100 3805 ‘et
1126 3760 1166 3803 ne
1193 3738 1273 3825 quid

319 3848 467 3915 licentius
483 3846 548 3912 illis
566 3844 779 3931 praeseutibus
797 3867 816 3906 a
830 3842 1007 3928 majoribus
1026 3840 1126 3921 fieret,
1142 3840 1275 3925 diligen·

316 3953 384 4019 tius
398 3948 654 4036 praecavendum,
669 3946 757 4033 quia,
771 3958 807 4010 ut
824 3944 908 4010 idem
924 3944 968 4008 ait
986 3941 1165 4027 Satyricus‚

640 4088 744 4141 Fortius
757 4091 783 4139 et
795 4086 871 4139 citius
882 4102 929 4137 nos

420 4177 597 4245 Corrumpunt
608 4173 729 4225 vitiorum
740 4168 862 4241 exempla
873 4168 1025 4233 domestica,
1036 4166 1140 4233 magnis

423 4262 517 4324 Quum
529 4258 641 4321 subsunt
653 4258 750 4311 animos
761 4254 918 4325 auctoribus.

775 4351 832 4407 n2
