3384 5234
365 697 437 741 cae.
454 678 520 757 ιιι]
738 691 990 738 vonrcaarmus.
1257 680 1319 738 267

367 861 472 912 tamen
502 867 618 930 magna
646 844 794 908 maximis
827 842 970 907 conferre
998 841 1106 919 liceat)
1145 842 1177 906 in
1211 843 1349 909 multis·

365 948 586 1031 multipliciter
600 947 697 1011 lucet.
742 944 863 1009 Solaris
878 944 1034 1030 siquidem
1055 943 1173 1027 radius,
1188 945 1215 1010 si
1238 945 1322 1011 forte

365 1050 485 1114 incidat
511 1049 544 1114 in
576 1047 818 1122 carbunculum,
845 1046 1012 1132 egrediens
1037 1058 1094 1112 aut
1119 1047 1322 1113 reverberans

368 1152 496 1228 rutilus,
512 1151 652 1216 vicinum
667 1149 744 1213 facit
765 1171 869 1212 aerem
892 1147 1034 1212 rutilare.
1080 1148 1171 1214 Idem
1186 1149 1269 1234 ignis
1290 1149 1323 1213 in

368 1253 536 1337 smaragdo
564 1250 701 1328 virescit,
727 1250 927 1319 firmamento
954 1249 1077 1335 puriori
1102 1250 1136 1314 in
1161 1250 1324 1337 sapphyro

367 1355 595 1419 conformatur.
642 1351 819 1439 Hyacinthi
847 1374 977 1437 quoque
1000 1351 1165 1438 speciebus
1187 1353 1324 1417 efficitur

368 1456 523 1521 concolor.
563 1456 602 1519 In
620 1454 756 1540 topazio,
770 1454 825 1539 qui
842 1475 908 1539 quo
924 1452 1023 1518 rarior
1038 1466 1086 1519 est
1101 1476 1139 1517 eo
1154 1453 1324 1539 preciosior

371 1571 429 1634 est,
444 1556 585 1621 omnium
601 1556 668 1620 fere
683 1554 787 1619 colore
803 1554 958 1640 superbit.
997 1555 1029 1617 Si
1045 1555 1073 1618 ei
1089 1554 1167 1621 Irim
1182 1555 1323 1639 objicias,

372 1656 641 1722 Thaumantiadis
656 1655 899 1743 repraesentabit
914 1655 1094 1741 imaginem.
1140 1658 1249 1743 Aqua
1272 1681 1324 1722 su-

369 1763 539 1848 perjectus,
558 1761 658 1826 undat
681 1763 712 1825 in
735 1761 890 1838 lacunari,
905 1759 959 1822 sed
982 1770 1014 1823 et
1036 1760 1141 1845 ignem
1164 1761 1322 1826 coelestem

369 1863 401 1926 iu
428 1864 592 1950 supposita
618 1860 736 1948 trajicit
761 1883 818 1947 per
844 1859 1002 1925 berillum.
1048 1862 1145 1927 Vides
1165 1862 1266 1947 igitur
1290 1865 1324 1928 in

372 1963 482 2028 multis
496 1987 592 2049 quam
610 1964 712 2029 multa
727 1963 767 2027 sit
790 1962 873 2048 ignis
895 1974 1019 2028 natura.
1064 1964 1117 2029 Sic
1138 1965 1171 2028 in
1194 1964 1263 2030 aliis
1277 1977 1325 2030 est

373 2065 555 2150 prudentia,
570 2063 729 2130 fortitudo
751 2063 782 2127 in
805 2063 887 2141 aliis,
906 2068 1116 2149 temperantia
1137 2067 1171 2129 in
1193 2066 1325 2152 quibua-

373 2166 459 2244 dam,
495 2168 527 2231 in
565 2166 758 2253 quibusdam
791 2164 930 2251 justitia,
968 2165 1000 2230 in
1036 2167 1198 2234 nonnullis
1234 2167 1324 2248 fides,

372 2268 594 2354 longanimitas
610 2268 676 2355 spei
691 2269 723 2333 in
738 2268 820 2332 aliis.
859 2268 900 2331 In
915 2266 965 2332 his
979 2280 1026 2334 est
1041 2268 1148 2335 fervor
1162 2269 1324 2336 caritatis:

371 2370 423 2433 hic
445 2371 599 2457 patientia
618 2370 776 2449 laborum,
790 2369 856 2433 illic
878 2366 1025 2431 dolorum
1048 2370 1232 2447 consolatio,
1248 2372 1326 2438 alibi

372 2472 606 2556 perseverantia
621 2470 777 2533 bonorum
799 2489 951 2553 operum:
983 2490 1058 2551 quae
1073 2482 1178 2533 tamen
1201 2472 1327 2557 singula

373 2572 406 2635 in
431 2572 564 2658 singulis
588 2586 636 2634 est
660 2590 746 2633 unus
768 2580 801 2633 et
822 2567 908 2632 idem
934 2569 1033 2631 Deus.
1078 2573 1131 2634 At·
1147 2570 1179 2633 in
1201 2571 1325 2651 futuro,

374 2676 504 2758 quando
526 2670 709 2736 immediata
726 2669 807 2733 facie
829 2690 887 2753 per
908 2669 1044 2750 gratiam
1060 2670 1131 2755 ejus
1146 2671 1327 2742 videbimus

375 2796 448 2838 eum
464 2772 557 2836 sicuti
582 2783 642 2847 est,
658 2769 764 2834 omnia
787 2771 819 2833 in
837 2767 992 2834 'omnibus
1006 2770 1077 2853 erit,
1092 2772 1222 2858 quando
1245 2772 1326 2837 nulli

375 2874 416 2938 ad
440 2872 672 2938 beatitudinem
695 2871 831 2957 alicujus
855 2872 984 2937 virtutis
1008 2872 1187 2938 substantia
1211 2874 1326 2948 deerit,

375 2998 476 3061 quum
489 2974 599 3060 ipsein
612 2972 759 3037 omnibus
769 2973 900 3040 futurus
911 2975 952 3039 sit
963 2974 1132 3061 plenitudo
1141 2977 1282 3059 virtutis,
1293 2989 1326 3043 et

376 3072 525 3137 cumulus
542 3072 769 3147 beatitudinis;
800 3072 880 3137 adeo
903 3074 1046 3164 quidem²
1061 3086 1100 3140 ut
1117 3077 1216 3161 juxta
1230 3076 1328 3141 tradi-

377 3174 494 3239 tionem
528 3187 669 3258 patrum,
700 3185 789 3237 tanta
825 3173 999 3259 majestatis
1029 3196 1095 3252 suae
1119 3176 1327 3262 plenitudiue

376 3275 522 3340 videatur
537 3275 645 3338 adesse
660 3272 779 3353 electis,
789 3284 827 3337 ut
837 3272 917 3336 nibil
932 3274 978 3339 eis
992 3272 1074 3339 desit
1089 3274 1199 3340 inulla
1213 3277 1330 3365 gratia,¹

376 3390 407 3441 et
432 3377 499 3462 ipse
522 3376 589 3439 fere
613 3373 699 3439 solus
723 3374 871 3440 videatur
895 3373 927 3438 iu
951 3373 1025 3455 illis,
1039 3388 1071 3442 et
1095 3375 1179 3442 illius
1201 3382 1328 3448 nomine

377 3489 575 3554 censeantur,
599 3474 686 3540 salva
713 3478 847 3540 veritate
872 3475 1070 3555 substantiae,
1092 3490 1125 3543 et
1150 3478 1216 3542 siue
1241 3480 1328 3546 omni

378 3579 595 3644 versabilitate
608 3589 742 3643 naturae.
787 3577 875 3652 Hinc
890 3577 973 3642 forte
992 3590 1039 3648 est
1061 3579 1161 3648 illud:
1192 3581 1329 3648 Exulta-

378 3682 460 3746 bunt
483 3681 582 3746 sancti
603 3678 772 3765 ingloria,
789 3679 987 3745 laetabuntur
1011 3681 1044 3746 in
1067 3682 1227 3749 cubilibus
1250 3685 1328 3765 suis.

378 3807 480 3869 quum
492 3783 553 3849 sibi
564 3794 640 3847 tunc
652 3780 761 3869 pervia
772 3781 944 3847 credantur
952 3805 1019 3851 esse
1028 3785 1124 3850 corda
1133 3800 1327 3866 sanctorum,

377 3899 410 3951 et
429 3884 651 3971 uuusquisque
666 3908 729 3948 non
745 3884 841 3949 modo
863 3883 896 3948 in
918 3907 987 3964 sua,
1003 3884 1059 3952 sed
1080 3898 1112 3951 et
1132 3886 1165 3951 in
1185 3890 1328 3953 omnium

378 3987 569 4052 conscientia
591 3986 755 4071 glorietur.
801 3985 893 4052 Sicut
916 3989 999 4051 enim
1023 3987 1117 4072 ignis,
1132 4000 1169 4051 ut
1193 3988 1225 4052 in
1247 4011 1329 4075 prae·

381 4087 467 4153 dicta
488 4110 648 4154 moremur
671 4087 886 4168 similitudine,
903 4088 978 4152 ferri
1003 4100 1148 4154 naturam
1171 4104 1328 4176 penetrat,

382 4200 413 4252 et
428 4189 582 4269 accendit,
598 4200 633 4252 ut
651 4187 729 4251 nihil
743 4199 892 4252 cernatur
906 4189 938 4251 in
954 4212 992 4253 eo
1006 4189 1067 4253 nisi
1081 4189 1177 4271 ignis,
1191 4204 1222 4254 et
1247 4190 1328 4256 sicut

381 4288 490 4352 solaris
505 4289 614 4354 radius
627 4287 791 4380 illustpans
805 4310 921 4366 aerem,
936 4289 1009 4353 solis
1024 4288 1075 4353 vel
1089 4289 1169 4354 radii
1185 4303 1330 4357 censetur
