3384 5234
417 687 459 745 70
678 696 814 741 sounurs
830 695 1108 742 ssaasnnnrausrs
1235 680 1372 767 [marn

419 858 595 933 superesset
610 869 646 910 ac
662 846 834 931 lacrymas:
871 861 903 911 et
925 849 1066 912 omnium
1088 849 1164 914 licet
1185 851 1375 916 acerbitates

419 970 522 1012 rerum
540 961 703 1034 superaret
724 949 834 1023 fames,
851 949 930 1014 nihil
953 963 1057 1015 tamen
1073 952 1118 1015 ita
1133 951 1259 1016 subruit
1274 965 1374 1037 atque

419 1050 591 1130 subvertit,
607 1051 688 1115 sicut
711 1051 945 1114 verecundiam.
993 1051 1152 1138 Quicquid
1174 1052 1257 1115 enim
1279 1052 1374 1117 salvis

419 1152 515 1216 rebus
530 1151 654 1237 pudore
676 1152 807 1238 dignum
831 1166 892 1229 est,
907 1153 940 1216 id
962 1155 994 1217 in
1018 1154 1077 1217 hac
1097 1155 1281 1218 necessitate
1301 1177 1374 1217 con-

419 1255 583 1321 temnitur.
629 1257 777 1342 Denique
800 1272 832 1320 et
856 1279 972 1320 uxores
992 1257 1032 1319 de
1053 1257 1194 1320 virorum
1216 1257 1374 1337 manibus,

419 1372 450 1423 et
477 1358 535 1423 filii
559 1358 599 1423 de
624 1372 805 1445 parentum,
829 1373 861 1422 et
886 1359 971 1446 quod
995 1371 1041 1422 est
1065 1359 1234 1439 infelicius,
1256 1371 1376 1423 matres

418 1461 506 1525 cibos
522 1460 562 1524 de
576 1461 781 1546 parvulorum
799 1461 944 1525 manibus
959 1473 1057 1546 atque
1072 1484 1127 1524 ore
1148 1461 1325 1547 rapiebant,
1341 1475 1373 1527 et

420 1587 520 1649 quum
550 1563 722 1628 dulcissimi
749 1563 852 1643 liberi,
879 1563 910 1626 in
933 1563 1081 1627 manibus
1104 1575 1202 1649 atque
1224 1575 1296 1627 ante
1318 1587 1374 1629 ora

419 1667 514 1752 positi
543 1669 748 1747 tabescerent,
772 1666 889 1750 exigua
913 1666 987 1730 ritae
1013 1666 1156 1730 subsidia
1182 1690 1201 1729 a
1224 1666 1375 1731 dentibus

418 1769 495 1851 ipsis
514 1769 651 1832 eximere
673 1790 765 1830 nemo
785 1768 943 1852 parcebat.
990 1768 1110 1830 Verum
1133 1792 1172 1831 ne
1194 1767 1279 1853 ipsos
1302 1768 1372 1854 qui-

418 1870 490 1933 dem
507 1870 656 1947 infelices,
671 1882 703 1932 et
718 1871 908 1954 perexiguos
923 1881 1083 1932 sumentes
1105 1868 1246 1933 latebant
1263 1870 1369 1934 cibos:

419 1970 473 2033 sed
500 1969 652 2032 continuo
676 1967 786 2032 aderat
812 1967 997 2053 praedonum
1026 1969 1109 2054 quis,
1137 1983 1168 2032 ct
1196 1972 1302 2033 statim
1336 1980 1372 2033 ut

417 2068 539 2131 clausas
560 2068 738 2152 cujuspiam
766 2068 980 2153 conspexisset
1003 2068 1098 2144 fores,
1121 2069 1275 2132 indicium
1303 2092 1372 2133 cre-

418 2169 513 2233 debat
537 2169 596 2232 hoc
618 2192 695 2245 esse,
719 2168 807 2255 quod
829 2169 1019 2235 intrinsecus
1044 2171 1141 2255 positi
1168 2169 1317 2249 ederent;
1340 2186 1372 2236 et

418 2284 546 2356 repente
562 2270 731 2357 despicatis
743 2272 876 2348 foribus,
888 2274 1070 2359 praecipites
1084 2274 1259 2347 irruebant,
1273 2288 1372 2359 atque

419 2375 459 2439 ab
474 2376 562 2460 ipsis,
588 2388 622 2439 ut
643 2374 688 2438 ita
710 2375 825 2452 dicam,
841 2375 986 2439 faucibus
1008 2376 1231 2460 exprimentes,
1246 2378 1271 2439 si
1290 2378 1372 2462 quid

419 2478 501 2541 forte
513 2478 712 2562 insumptum
720 2479 788 2563 jam
798 2478 918 2554 fuerat,
930 2478 1131 2542 revocabant.
1156 2479 1372 2543 Verberantur

420 2602 517 2653 senes,
545 2581 570 2642 si
597 2579 704 2643 cibum
731 2580 898 2643 vendicare
926 2592 1111 2656 tentassent,
1134 2579 1251 2665 sparsis
1276 2581 1371 2643 etiam

419 2682 560 2746 crinibus
579 2682 727 2746 mulieres
751 2682 972 2759 trahebantur,
993 2687 1154 2747 occultare
1174 2684 1323 2758 nitentes,
1346 2683 1373 2746 si

419 2785 497 2871 quid
520 2785 603 2850 forte
626 2785 859 2870 deprehensum
882 2786 994 2849 fuisset
1016 2784 1047 2847 in
1071 2785 1227 2848 manibus.
1273 2784 1374 2848 Nulla

419 2887 547 2951 senibus
564 2885 750 2964 reverentia,
766 2887 855 2950 nulla
870 2910 947 2972 erga
962 2886 1114 2972 parvulos
1133 2887 1303 2966 miseratio,
1318 2887 1374 2949 sed

418 2989 451 3052 in
467 2990 584 3075 exiguo
600 2990 690 3074 panis
705 2990 884 3075 fragmento
905 2988 1056 3074 parvulos
1071 2989 1270 3063 inhaerentes,
1286 3001 1317 3052 et
1333 3010 1372 3050 cx

418 3093 488 3176 ipso
514 3092 565 3156 cui
588 3092 778 3156 inhaeserant
802 3113 981 3177 suspensos,
1004 3089 1165 3156 elidebant
1187 3090 1219 3153 in
1246 3110 1371 3154 terram.

420 3198 459 3258 ln
475 3218 547 3258 eum
564 3219 650 3275 vern,
666 3195 722 3279 qui
743 3208 887 3280 raptores
907 3194 978 3257 cibo
993 3194 1198 3279 praevenisset
1214 3193 1373 3267 absumto,
1410 3182 1413 3188 ⁸

419 3297 583 3361 crudelius
605 3298 789 3373 saeviebant,
810 3308 842 3357 et
865 3296 1090 3376 excogitabant
1112 3295 1182 3358 dira
1205 3294 1372 3380 supplicia,

418 3399 604 3462 obturantes
619 3396 798 3458 infelicibus
818 3393 977 3456 naturales
998 3393 1211 3478 digestionum
1229 3410 1372 3461 meatus:

418 3499 487 3561 aliis
510 3520 584 3560 vero
607 3506 783 3580 praeacutas
806 3492 900 3555 sudes
921 3515 979 3578 per
1005 3494 1114 3557 eadem
1142 3499 1280 3561 verenda
1305 3498 1372 3560 adi-

419 3610 539 3682 gentes.
596 3596 756 3657 Horresco
785 3615 860 3679 quae
889 3606 980 3679 gesta
1010 3604 1085 3657 sunt
1114 3597 1261 3661 referens.
1320 3599 1372 3663 Ad

419 3698 645 3761 confectionem
666 3694 822 3781 posthaec
839 3696 934 3760 unius
950 3695 1051 3782 panis,
1066 3708 1122 3760 aut
1137 3697 1244 3781 cyathi
1260 3697 1371 3763 farinae

420 3800 549 3865 miseros
570 3799 795 3884 perurgebant.
841 3803 927 3864 Nam
948 3799 1010 3884 ipsi
1031 3810 1166 3863 tortores
1185 3821 1247 3862 non
1270 3802 1372 3883 patie-

420 3908 538 3965 bantur
553 3903 680 3965 famem.
714 3902 809 3965 Esset
825 3904 908 3965 enim
925 3899 1159 3988 quodammodo
1175 3899 1372 3966 tolerabilius

420 4004 444 4067 si
461 4003 529 4067 haec
545 4003 698 4090 compulsi
714 4004 819 4067 inedia
834 4004 937 4067 facere
952 4002 1143 4067 viderentur.
1189 4003 1251 4067 Sed
1268 4016 1304 4067 ut
1321 4004 1371 4066 vel

420 4120 636 4193 praepararent
652 4107 712 4171 sibi
728 4106 759 4169 in
781 4126 943 4193 posterum
965 4104 1061 4181 cibos,
1079 4104 1127 4167 vel
1145 4118 1181 4168 ut
1201 4104 1373 4168 crudelitas

420 4209 570 4273 exercitio
599 4209 840 4283 convalesceret,
871 4211 901 4271 in
931 4206 980 4269 his
1016 4207 1111 4271 etiam
1139 4206 1164 4269 si
1198 4207 1255 4291 qui
1288 4207 1371 4271 forte

420 4312 531 4377 furtim
558 4334 614 4399 pcr
638 4312 787 4375 stationes
809 4308 948 4374 hostium
972 4332 1031 4395 pro
1056 4307 1242 4394 colligendis
1264 4308 1371 4383 herbis
