3384 5234
327 684 398 733 oar.
414 665 468 748 v.]'
690 683 945 730 rocrcnarreus.
1237 675 1281 733 69

328 837 508 923 explicare3
543 858 581 903 aa
607 837 839 916 tantummodo,
861 858 935 920 quae
961 833 1039 901 dirae
1062 836 1153 900 famis
1173 836 1279 901 inedia

326 937 540 1023 pertulerunt,
579 938 754 1024 supradicti
793 936 1040 1021 historiographi
1080 937 1278 1001 sermonibus

325 1037 494 1124 proferam,
523 1061 591 1124 quo
624 1038 765 1123 legentes
794 1036 863 1100 haec
893 1035 1085 1119 intelligant,
1118 1049 1275 1121 quantum

324 1139 440 1224 piaculi
472 1139 525 1215 sit,
554 1139 672 1202 audere
702 1138 826 1222 aliquid
852 1141 884 1202 in
913 1137 1093 1213 Christum,
1118 1150 1151 1202 et
1178 1160 1274 1223 quam

323 1241 476 1325 gravibus
490 1264 567 1305 ausa
577 1240 740 1327 suppliciis
750 1240 929 1326 expientur.
968 1242 1041 1324 Age
1049 1240 1171 1325 itaque,
1183 1239 1277 1325 quin.

323 1356 375 1407 tus
394 1343 529 1430 Josephi
551 1343 756 1408 historiarum
777 1342 863 1412 liber
881 1354 1019 1429 ponatur
1039 1341 1073 1406 in
1094 1340 1209 1418 medio,
1232 1364 1273 1406 ex

321 1468 388 1531 quo
416 1445 517 1508 omnis
546 1468 653 1510 eorum
683 1449 829 1509 luctuosa
867 1442 1025 1528 tragoedia
1053 1456 1272 1530 pernoscatur.

321 1545 487 1611 Divitibus
501 1558 608 1610 autem
623 1568 818 1632 permanere,
833 1545 954 1629 inquit,
970 1557 1025 1608 aut
1041 1544 1155 1629 perire,
1172 1566 1271 1609 unum

320 1659 420 1733 atque
445 1647 531 1711 idem
557 1659 634 1712 erat.
679 1648 713 1711 si
742 1646 826 1712 enim
853 1647 886 1709 in
914 1646 993 1710 urbe
1018 1646 1272 1732 permansissent,

320 1747 510 1812 facultatum
537 1771 664 1812 suarum
688 1771 783 1813 causa
804 1747 934 1812 crimine
955 1747 1092 1833 objecto,
1115 1747 1205 1834 quasi
1231 1747 1272 1811 de

320 1846 559 1933 transfugiendo
583 1849 771 1933 cogitarent,
794 1848 1043 1933 perimebantur.
1090 1850 1269 1911 Necessitas

320 1971 396 2012 vero
425 1949 527 2027 lamis,
554 1950 759 2015 factiosorum
787 1949 961 2015 extollebat
987 1948 1211 2034 arrogantiam,
1237 1960 1269 2019 et

319 2063 492 2135 utrumque
523 2052 615 2116 simul
647 2052 752 2116 inedia
781 2074 854 2115 cum
884 2049 1062 2116 temeritate
1097 2050 1266 2115 crescebat.

316 2152 450 2216 Publice
477 2153 606 2238 quidem
634 2154 830 2217 frumentum
857 2174 1012 2237 nusquam
1036 2152 1165 2215 omnino
1188 2165 1267 2227 erat,

316 2253 370 2317 sed
387 2254 539 2320 irruentes
556 2255 645 2319 urbis
665 2255 829 2341 praedoncs
848 2254 1131 2341 perscrutabantur
1145 2253 1269 2331 domos,

315 2364 346 2417 et
361 2354 387 2418 si
402 2354 481 2440 quid
497 2356 702 2430 invenissent,
714 2369 867 2441 tanquam
878 2353 918 2417 de
930 2354 993 2430 his,
1005 2354 1063 2439 qui
1078 2353 1267 2430 fefellerant,

313 2475 423 2537 poenas
439 2456 617 2534 sumebant,
632 2458 659 2520 si
674 2478 749 2517 vero
764 2477 826 2517 non
841 2454 1045 2534 invenissent,
1060 2454 1267 2522 nihilominus

314 2566 464 2640 tanquam
474 2580 539 2635 eos,
550 2560 606 2642 qui
619 2556 775 2621 occultius
786 2569 817 2620 et
827 2556 1012 2641 diligentius
1023 2555 1265 2633 absconderant,

311 2659 504 2747 cruciabant.
566 2658 725 2722 indicium
757 2680 832 2722 vero
863 2660 904 2723 ab
933 2659 979 2723 eis
1008 2658 1117 2723 haberi
1147 2657 1267 2743 pabula

311 2758 477 2843 capiebant
492 2762 552 2825 hoc
564 2762 645 2846 ipsc,
661 2760 748 2847 quod
765 2760 871 2825 adhuc
882 2761 1033 2839 viverent,
1045 2772 1076 2823 et
1092 2759 1263 2824 subsistere

310 2860 498 2944 corporibus
526 2862 728 2941 videbantur,
754 2873 906 2947 tanquam
938 2861 994 2946 qui
1026 2859 1169 2945 prolecto
1193 2860 1262 2944 jam

309 2958 513 3039 interiissent,
535 2963 596 3033 nisi
619 2963 821 3028 absconditos
845 2963 967 3049 uspiam
995 2973 1138 3047 tegerent
1164 2960 1259 3025 cibos

312 3062 345 3125 Si
368 3084 450 3147 quos
472 3086 545 3129 sane
572 3065 766 3131 tabescentes
792 3067 891 3129 macie
918 3064 1080 3139 vidissent,
1104 3062 1161 3126 hos
1187 3086 1259 3127 cum

271 3160 276 3167 ’
307 3166 399 3227 venia
409 3166 626 3250 praeteribant,
637 3170 833 3253 superfluum
844 3167 1168 3253 putantesperimere,
1179 3188 1261 3249 quos

307 3264 404 3349 paulo
419 3280 491 3352 post
506 3268 687 3332 absumeret
702 3268 810 3335 fames.
846 3268 944 3334 Multi
961 3282 1065 3332 tamen
1081 3268 1113 3329 in
1129 3266 1259 3331 occultis

306 3366 393 3430 omni
408 3391 502 3433 censu
519 3394 577 3435 suo
588 3372 719 3436 mercati
732 3384 806 3435 sunt
822 3394 923 3435 unum
938 3385 1088 3445 metrum,
1100 3371 1126 3432 si
1141 3367 1257 3432 divites

306 3468 467 3551 frumenti,
489 3485 521 3538 et
543 3471 653 3536 hordei
676 3471 702 3536 si
724 3472 888 3536 inferiores
909 3472 1052 3550 fuerunt,
1073 3484 1105 3535 et
1131 3469 1257 3534 conclu-

305 3568 416 3636 dentes
426 3572 1256 3661 seininterioribusquibusquepenetralibusdomus,

302 3670 447 3737 nonnulli
462 3697 519 3737 nec
534 3676 566 3738 in
583 3697 680 3760 panes
694 3676 853 3739 confectas
867 3675 975 3759 fruges
993 3674 1147 3738 edebant:
1187 3674 1254 3739 Alii

301 3774 423 3838 veroin
439 3789 596 3861 quantum
613 3775 660 3838 vel
677 3775 854 3850 necessitas,
867 3774 915 3838 vel
929 3787 1032 3839 metus
1043 3775 1253 3860 permitteret,

300 3877 531 3960 excoquebant.
568 3881 614 3942 Et
630 3900 770 3941 mensam
780 3876 912 3963 quidem
928 3876 1036 3941 nullus
1047 3878 1252 3961 exspectabat

300 3977 429 4063 apponi,
447 3978 501 4042 sed
517 4001 555 4041 ex
576 3978 647 4063 ipso
668 3978 818 4043 semiusta
837 3978 904 4064 igni
924 3979 1093 4063 rapientes,
1109 3978 1249 4063 propria,

300 4071 389 4145 velut
403 4081 535 4157 furtiva,
551 4080 766 4154 devorabant;
790 4094 821 4145 et
841 4094 907 4145 erat
928 4079 1061 4144 infelicis
1082 4079 1168 4144 illius
1187 4081 1250 4145 cibi
1307 4137 1315 4151 .

296 4182 1250 4267 spectaculummiserabile,quumvalidioresquiqueinventa

244 4278 246 4281 ’
297 4281 495 4370 diriperent;
534 4282 745 4349 imbecillibus
775 4306 850 4348 vero
881 4282 957 4347 nihil
984 4295 1100 4368 praeter
1125 4280 1249 4358 luctum
