3384 5234
421 717 462 774 54
654 728 792 772 ioannis
807 728 1088 775 sanusanalnnsls
1249 712 1333 791 [ma.
1351 731 1373 775 1.

422 877 578 963 rapacitas
603 876 789 942 imminebit.
847 880 941 954 Quod
971 894 1002 945 et
1028 880 1215 967 joculariter
1240 882 1376 946 innuens

424 980 520 1053 Naso,
536 977 592 1057 ait,
858 991 862 997 ’

528 1086 637 1140 Odimus
649 1088 797 1159 accipitrem
809 1089 871 1156 quia
882 1104 982 1159 semper
993 1089 1058 1141 vivit
1068 1090 1094 1141 in
1108 1090 1193 1142 armis.

425 1182 572 1267 Regulus
593 1204 723 1268 quoque
746 1182 824 1268 ipse,
849 1183 905 1269 qui
924 1196 957 1247 et
979 1182 1128 1249 bitriscus
1149 1183 1279 1261 dicitur,
1300 1208 1376 1249 vera

425 1285 621 1373 quandoque
657 1285 847 1373 portendere
876 1307 939 1348 non
977 1285 1180 1371 dedignatur.
1237 1287 1376 1353 Minutae

426 1387 621 1467 enumeres,
636 1386 776 1452 adventu
800 1410 857 1451 suo
872 1385 922 1449 rel
942 1407 1077 1462 recessu,
1094 1386 1272 1473 significant
1287 1388 1378 1452 fami-

426 1492 501 1555 liam
516 1513 600 1557 nunc
615 1490 727 1567 minui,
742 1512 828 1554 nunc
843 1487 961 1573 augeri.
993 1488 1145 1553 Omnium
1162 1512 1237 1554 vero
1253 1490 1378 1556 volatus

428 1606 550 1679 quanto
575 1595 723 1668 serenior,
750 1603 841 1656 tanto
866 1588 1056 1654 laudabilior
1081 1604 1139 1656 est.
1185 1592 1281 1658 Unde
1310 1597 1378 1658 Me-

426 1696 544 1777 lampo,
572 1715 677 1779 augur
712 1691 961 1778 praenominatus
991 1695 1210 1778 conqueritur,
1240 1707 1378 1780 stragem

429 1798 614 1862 Graecorum
631 1788 799 1883 conjiciens
816 1818 855 1859 ex
872 1794 993 1873 volatu,

704 1912 789 1966 Vides
800 1917 829 1966 ut
840 1911 913 1965 nulla
924 1929 1029 1966 manos

600 1997 667 2051 Ales
679 2004 742 2065 agat
753 2016 852 2051 cursus.

427 2098 460 2160 A
476 2094 583 2159 bestiis
598 2116 728 2180 quoque
743 2093 867 2158 viarum
883 2106 1012 2160 tuarum
1028 2107 1161 2159 eventus
1176 2095 1377 2161 scrutaberis.

428 2197 564 2283 Leporis
585 2196 712 2261 timebis
735 2220 913 2278 occursum,
942 2198 967 2261 si
999 2211 1104 2262 tamen
1129 2196 1271 2261 evaserit.
1318 2199 1380 2261 Est

428 2300 510 2364 enim
533 2298 746 2385 proculdubio
768 2299 861 2385 longe
881 2299 1075 2364 commodior
1094 2299 1126 2361 in
1147 2320 1266 2378 mensa,
1280 2322 1378 2385 quam

429 2401 538 2467 invia.
584 2402 683 2486 Lupo
703 2401 797 2466 obvio
817 2401 1107 2487 congratulaberis:
1131 2400 1206 2466 boni
1222 2401 1378 2488 siquidem

429 2501 563 2569 nuncius
578 2516 636 2583 est,
648 2502 720 2569 licet
738 2502 805 2567 solo
816 2504 884 2567 visu
900 2525 1012 2567 nocere
1027 2503 1125 2567 soleat
1140 2503 1181 2583 ei,
1193 2526 1288 2590 quem
1304 2516 1378 2571 ante

430 2605 623 2692 praeviderit,
638 2627 809 2691 vocemque
824 2604 1030 2690 praecludere.
1076 2606 1181 2669 Juxta
1194 2604 1290 2681 illud,

571 2715 634 2769 Vox
645 2713 714 2781 frigit
724 2714 790 2784 ipsa,
801 2712 857 2783 lupi
869 2712 973 2765 Moerim
983 2713 1070 2765 videre
1081 2712 1187 2784 priores.

433 2812 535 2874 Hiero
577 2808 702 2872 Siculus
742 2807 918 2873 literatorio
957 2808 1104 2874 insistens
1145 2808 1263 2883 studio,
1299 2813 1381 2875 inter

430 2911 607 2998 coaequales
628 2910 699 2986 stilo
720 2932 847 2996 operam
870 2911 979 2991 dabat,
993 2912 1088 2996 eique
1109 2910 1207 2999 lupus
1228 2912 1262 2977 in
1285 2914 1381 2979 turba

429 3035 600 3101 puerorum
622 3024 751 3099 repente
772 3028 972 3102 conspectus,
993 3014 1143 3079 tabellam
1163 3016 1293 3101 eripuit,
1312 3039 1381 3080 suc-

430 3139 537 3181 cessus
570 3116 707 3182 hominis
739 3116 880 3199 firmana,
912 3116 1059 3182 inaudita
1091 3117 1196 3182 forma
1231 3118 1380 3204 prodigii.

431 3218 517 3299 Quid
544 3217 669 3283 multa?
699 3218 770 3306 lupi
794 3219 962 3284 efficaciam
988 3242 1051 3283 non
1075 3220 1215 3304 negabit,
1236 3220 1382 3306 quisquis
1467 3219 1469 3222 ’

432 3321 650 3384 Romanorum
669 3344 770 3405 genus
791 3322 904 3405 lupino
926 3322 1008 3386 lacte
1029 3344 1091 3384 non
1114 3322 1246 3405 ambigit
1267 3322 1381 3388 educa-

431 3434 512 3487 tum.
557 3421 652 3489 Unde
672 3421 861 3508 plerumque
877 3422 961 3509 quod
985 3426 1019 3486 in
1039 3422 1084 3485 eis
1103 3421 1230 3486 dulcius
1250 3436 1308 3498 est,
1325 3424 1379 3489 ad·

431 3521 496 3585 huc
511 3521 656 3608 lupinum
672 3544 815 3608 saporem
830 3523 962 3596 retinet;
978 3521 1139 3607 primique
1154 3544 1263 3586 eorum
1273 3523 1381 3600 fidem,

431 3645 530 3710 quam
552 3646 571 3687 a
593 3637 694 3689 matre
716 3625 813 3712 Lupa
834 3624 1022 3703 didicerant,
1041 3622 1100 3687 sibi
1123 3621 1256 3686 invicem
1279 3646 1383 3688 serva

433 3737 559 3800 verunt,
582 3724 757 3811 eademque
780 3725 919 3812 quadam
942 3724 1010 3810 lege
1032 3737 1157 3789 naturae
1179 3725 1319 3788 manavit
1341 3724 1381 3788 ad

432 3837 586 3911 posteros.
631 3826 755 3891 Ovibus
777 3837 941 3911 gratanter
967 3826 1092 3889 obviam
1115 3824 1281 3909 gradieris,
1304 3827 1382 3890 dum

433 3949 561 4013 capram
577 3932 669 4004 vites,
684 3929 736 3993 cui
752 3928 897 3993 alludens
912 3945 1007 4013 poeta
1021 3927 1077 4004 ait,

574 4038 716 4091 Occursare
728 4056 812 4111 capro,
825 4055 903 4090 cornu
914 4037 975 4090 ferit
985 4036 1039 4102 ille,
1052 4042 1149 4091 caveto.

437 4131 547 4196 Bubus
569 4132 805 4214 triturantibus,
826 4132 978 4197 libentius
1001 4146 1105 4197 tamen
1128 4133 1304 4210 arantibus,
1327 4134 1384 4198 ob·

436 4231 546 4299 viabis.
591 4237 660 4299 Nec
683 4233 849 4320 displiceat
872 4234 897 4298 si
920 4234 1004 4299 viam
1027 4234 1183 4319 ruperint,
1198 4234 1276 4320 quia
1298 4257 1387 4299 mora

435 4334 556 4400 itineris
571 4336 700 4427 hospitii
714 4340 818 4423 gratia
833 4337 1099 4424 compensabitur.
1142 4337 1254 4403 Mulus
1269 4338 1387 4405 infaus-
