3384 5234
368 687 441 731 our.
459 667 497 749 n]
718 684 973 731 rourcaarreus.
1013 730 1015 734 ,
1258 672 1318 731 168

369 835 484 922 ligant,
507 835 583 922 qnia
610 836 644 899 in
675 834 721 899 eis
748 834 821 899 lons
850 833 1011 916 bonitatis,
1040 844 1074 898 et
1103 834 1241 901 caritatis
1262 846 1318 901 ast.

368 939 485 1006 Omnis
510 938 630 1004 etenim
653 937 750 1003 virtus
772 936 917 1022 angelica
934 948 968 1002 et
990 937 1140 1015 humana,
1159 939 1321 1025 quoddam
1425 972 1429 978 ·

367 1041 542 1107 divinitatis
556 1039 725 1125 vestigium
745 1050 803 1116 est,
824 1039 970 1103 rationali
991 1049 1145 1105 creaturae
1166 1041 1323 1127 quodam-

367 1144 463 1209 modo
472 1143 672 1230 impressum.
694 1141 828 1228 Spiritus
839 1151 967 1206 sanctus
975 1141 1157 1208 inhabitans
1166 1144 1323 1229 imprimit

245 1326 252 1336 ι
366 1247 484 1313 animae
510 1244 722 1322 sanctitatem,
747 1242 958 1331 ejusdemque
979 1243 1096 1309 rivulos
1113 1245 1321 1310 multifariam

366 1348 498 1435 spargit,
527 1345 722 1411 diversarum
753 1366 905 1409 exercens
925 1345 1115 1410 charismata
1135 1344 1319 1431 gratiarum.

370 1450 414 1515 Et
428 1450 499 1515 haec
513 1449 592 1515 mihi
614 1447 741 1512 videtur
754 1469 839 1524 vera,
855 1460 889 1512 et
903 1447 998 1512 unica
1020 1448 1222 1513 incolumitas
1236 1449 1322 1531 vitae,

367 1575 470 1641 quum
479 1574 580 1634 mens,
589 1550 769 1616 vivificante
779 1549 902 1635 spiritu,
912 1550 954 1615 ad
963 1572 1068 1615 rerum
1079 1552 1224 1617 notitiam
1235 1552 1323 1618 illus·

368 1668 481 1732 tratur,
496 1667 530 1721 at
543 1653 728 1720 accenditur
742 1653 784 1717 ad
798 1675 941 1717 amorem
956 1653 1140 1733 honestatis,
1147 1666 1184 1720 et
1199 1660 1321 1722 cultum

369 1758 503 1824 virtutis.
550 1755 709 1823 Praecadit
723 1778 799 1840 ergo
814 1754 948 1820 scientia
962 1755 1087 1820 virtutis
1098 1757 1231 1834 cultum,
1246 1757 1323 1845 quia

370 1884 467 1926 nemo
478 1870 582 1946 potest
591 1858 900 1943 fidelitarappetere‚
911 1858 997 1944 quod
1009 1858 1145 1943 ignorat,
1156 1869 1190 1924 at
1200 1860 1322 1924 malum

371 1963 432 2028 nisi
447 1962 610 2047 cognitum
623 1960 672 2036 sit,
686 1960 806 2024 utiliter
821 1982 885 2023 non
902 1970 1039 2025 cavetur.
1067 1960 1165 2024 Porro
1180 1961 1323 2027 scientim

369 2062 870 2132 thesaurusnobisduobusmodis
879 2062 1174 2149 exponiturzquum
1184 2074 1241 2127 aut
1250 2064 1324 2129 rati-

368 2168 438 2233 onis
452 2166 618 2243 exercitio,
624 2164 710 2253 quod
722 2163 794 2229 sciri
804 2174 908 2250 potest
918 2164 1100 2231 intellectus
1108 2164 1248 2232 invenit:
1264 2179 1321 2232 aut

368 2270 455 2358 quod
466 2266 688 2334 absconditum
705 2278 753 2330 ast
768 2266 912 2330 revelans
937 2267 1040 2351 gratia
1055 2267 1154 2333 oculis
1176 2268 1324 2354 ingerens

370 2371 531 2460 patefacit.
555 2369 609 2439 Sic
621 2368 732 2456 utique
744 2378 800 2432 aut
811 2390 869 2455 per
881 2379 1038 2449 naturam,
1051 2380 1108 2433 aut
1121 2371 1324 2455 pergratiam

368 2473 411 2539 ad
420 2470 560 2539 veritatis
566 2469 773 2555 agnitionem,
784 2469 989 2534 staciantiam
1000 2491 1122 2547 eorum,
1135 2493 1325 2558 quaeueces·

368 2575 450 2641 saria
461 2585 544 2653 sunt,
556 2571 774 2661 unusquisque
785 2571 1058 2658 potestaccedere.
1084 2572 1245 2660 Quodque
1256 2597 1325 2639 ma·

368 2679 417 2765 gis
428 2679 555 2755 mirere,
567 2677 703 2764 quilibet
712 2675 802 2763 quasi
812 2676 974 2763 quendam
983 2675 1101 2740 librum
1111 2675 1325 2759 sciendorum,

370 2780 474 2845 officio
488 2778 618 2845 rationis
632 2793 791 2866 apertum,
813 2777 897 2864 gerit
912 2778 944 2842 in
965 2778 1072 2843 corda.
1117 2778 1157 2843 ln
1173 2801 1239 2866 qno
1260 2801 1324 2843 non

370 2882 468 2948 modo
489 2880 661 2946 visibilium
683 2880 815 2968 species,
839 2904 1011 2969 rerumque
1040 2882 1185 2949 omnium
1212 2892 1325 2948 natura

370 2984 565 3072 depingitur,
582 2984 638 3049 sed
657 2983 756 3071 ipsius
777 2983 901 3071 opificis
916 2984 1060 3048 omnium
1075 2984 1245 3050 invisibilia
1262 2985 1325 3049 Dei

371 3089 471 3174 digito
493 3086 747 3154 conscribuntur.
792 3086 887 3152 Adeo
909 3085 1040 3172 quidem
1062 3097 1099 3150 ut
1120 3107 1324 3174 nequaquam

371 3192 498 3258 valeant
526 3212 584 3276 per
606 3188 819 3275 ignorantiam
845 3187 1000 3270 excusari,
1025 3188 1142 3275 quibus
1168 3188 1325 3254 beneficio

372 3306 505 3375 uaturae,
535 3291 586 3357 vel
614 3291 736 3377 gratiae,
766 3292 982 3377 gerendorum
1019 3290 1115 3357 series
1144 3291 1323 3361 innotescit.

374 3395 465 3460 Sicut
480 3395 631 3480 scriptum
652 3408 717 3459 est:
741 3394 839 3470 Quod
854 3394 941 3459 enirn
956 3404 1068 3460 notum
1093 3404 1142 3459 est
1158 3394 1233 3474 Dei,
1255 3418 1323 3460 ma-

372 3498 522 3563 nifestum
535 3508 583 3561 est
598 3497 630 3561 in
645 3498 716 3563 illis.
762 3498 854 3563 Deus
864 3498 951 3562 enim
967 3497 1119 3563 revelavit
1131 3497 1203 3565 illis.
1250 3498 1324 3564 Non

371 3613 480 3666 tamen
503 3610 660 3686 corruptae
682 3612 805 3668 naturae
827 3602 976 3666 adversus
997 3601 1132 3686 gratiam
1155 3603 1325 3687 magnifico

372 3702 524 3785 fimbrias,
545 3714 601 3769 aut
623 3703 768 3789 phaleras
787 3704 887 3788 erigo,
905 3702 995 3791 quasi
1018 3703 1086 3790 ipsa
1107 3704 1229 3793 aliquid
1248 3706 1324 3771 boni

371 3806 489 3871 habeat
503 3806 590 3893 quod
600 3827 664 3870 non
680 3806 854 3891 acceperim
869 3827 969 3892 quum
986 3817 1110 3871 certum
1121 3807 1162 3872 sit
1172 3807 1325 3894 quiasine

371 3931 410 3973 aa
432 3907 511 3972 nihil
537 3930 704 3994 possumus
726 3907 840 3974 lacere.
888 3909 1019 3994 Agnitio
1048 3910 1146 3994 igitur
1174 3909 1325 3987 veritatis,

372 4010 540 4097 cultusque
562 4009 697 4084 virtutis,
720 4008 850 4095 publica
872 4010 1081 4095 singulorum,
1110 4022 1144 4075 et
1169 4012 1324 4088 omnium,

372 4122 405 4175 et
419 4110 580 4175 rationalis
595 4126 730 4187 naturae,
741 4110 926 4175 universalis
937 4111 1138 4177 incolumitas
1148 4122 1205 4177 est.
1239 4114 1326 4178 Con-

373 4212 505 4277 trarium
531 4209 610 4277 vero
630 4215 699 4300 ejus
726 4212 914 4297 ignorantia,
940 4225 974 4277 et
995 4211 1121 4277 odibilis
1143 4225 1177 4277 et
1197 4214 1327 4278 inimica

375 4334 514 4398 propago
529 4315 608 4399 ejus,
618 4314 730 4380 vitium
746 4327 803 4380 est.
843 4318 889 4380 Et
904 4326 990 4378 recte
1006 4314 1136 4399 quidem
1152 4316 1331 4397 ignorantia

820 4426 883 4481 ut
