3384 5234
458 703 521 761 252
722 716 858 761 roannrs
873 718 1154 764 sanssnsrusrvsrs
1265 705 1348 783 [nra.
1365 724 1409 767 ιν.

461 868 671 948 sublimasset,
700 868 936 933 succedentium
973 869 1033 934 sibi
1066 870 1206 937 filiorum
1240 873 1411 951 curriculo,

461 994 595 1056 regnum
610 971 639 1035 ei
654 984 845 1057 perpetuum
863 971 1041 1057 pollicetur.
1087 978 1138 1039 De
1159 973 1268 1041 fructu
1290 979 1412 1042 ventris

461 1073 521 1153 tui,
543 1072 657 1160 inquit,
680 1095 796 1159 ponam
819 1096 913 1159 super
939 1074 1046 1140 sedem
1069 1089 1170 1155 tuam,
1194 1091 1226 1143 et
1253 1079 1278 1142 si
1306 1090 1410 1143 custo-

460 1173 588 1255 dierint,
602 1174 660 1239 filii
683 1174 731 1239 tui
753 1174 903 1239 mandata
922 1197 1002 1252 mea,
1018 1199 1092 1261 quae
1109 1178 1178 1264 jam
1197 1177 1283 1258 dedi,
1297 1191 1330 1243 et
1351 1190 1411 1242 tes-

462 1276 594 1340 timonia
603 1298 672 1341 mea
680 1297 753 1362 quae
764 1299 822 1362 per
834 1299 884 1339 me
896 1276 945 1339 vel
958 1278 1090 1343 vicarios
1102 1302 1188 1343 meos
1199 1279 1319 1344 docebo
1328 1279 1409 1356 illos,

460 1389 493 1442 et
508 1376 569 1462 ipsi
589 1388 622 1441 et
643 1375 700 1439 filii
721 1398 829 1440 eorum
852 1376 1007 1442 sedebunt
1027 1401 1121 1465 snper
1141 1380 1248 1444 sedem
1264 1394 1363 1460 tuam,
1377 1394 1409 1445 et

461 1477 632 1563 ponamin
659 1476 809 1542 saeculum
833 1477 940 1541 saeculi
965 1478 1072 1544 sedem
1095 1482 1175 1567 ejus,
1200 1497 1232 1546 et
1258 1481 1409 1545 thronum

460 1581 530 1667 ejus
546 1579 628 1644 sicut
642 1579 712 1644 dies
726 1578 807 1643 coeli.
857 1578 891 1642 Si
906 1593 1012 1646 autem
1029 1581 1254 1668 dereliquerint
1270 1582 1327 1645 filii
1341 1583 1410 1669 ejus

349 1730 352 1736 ,
461 1681 562 1768 legem
577 1704 691 1759 meam,
706 1693 739 1746 et
756 1681 788 1744 in
805 1680 938 1767 judiciis
952 1682 1031 1747 meis
1046 1706 1109 1747 non
1124 1683 1365 1761 ambulaverint,
1383 1685 1409 1749 si

455 1783 598 1869 justitias
627 1805 711 1847 meas
739 1781 986 1867 profanaverint,
1012 1796 1043 1846 et
1074 1783 1224 1848 mandata
1249 1806 1319 1847 mea
1348 1807 1409 1847 non

460 1884 679 1962 custodierint,
699 1884 834 1948 visitabo
857 1888 890 1949 in
915 1887 1006 1969 virga
1025 1884 1210 1971 iniquitates
1229 1908 1350 1963 eorum,
1372 1898 1408 1950 ut

461 1988 613 2052 translato
635 2009 734 2071 regno
758 1986 799 2050 de
824 1999 919 2070 gente
944 1986 975 2051 in
999 2000 1139 2073 gentem,
1164 2001 1195 2052 et
1225 1986 1336 2052 deletis
1361 1988 1410 2052 his

459 2085 639 2165 heredibus,
665 2086 721 2172 qui
751 2086 922 2151 secundum
954 2109 1079 2153 carnem
1109 2112 1176 2154 esse
1201 2087 1352 2152 videntur
1377 2093 1409 2152 in

460 2187 586 2266 semine,
615 2187 822 2252 transferatur
846 2190 999 2254 successio
1023 2189 1064 2254 ad
1088 2190 1171 2265 illos,
1196 2188 1253 2275 qui
1277 2188 1350 2251 fidei
1377 2203 1408 2254 et

454 2288 591 2376 justitiis
610 2288 816 2353 inveniuntur
836 2289 976 2355 heredes.
1024 2294 1062 2355 In
1078 2311 1179 2376 eoque
1196 2288 1410 2376 promissionis

460 2392 607 2457 subsistit
631 2390 754 2468 veritas,
771 2405 802 2457 et
825 2405 894 2457 rata
915 2405 1100 2479 permanent
1123 2416 1197 2478 quaa
1219 2415 1256 2455 ex
1281 2414 1335 2455 ore
1351 2393 1410 2456 Al-

460 2495 571 2562 tissimi
592 2508 823 2581 processerunt,
843 2496 929 2582 quod
952 2496 1049 2583 justis
1069 2495 1198 2581 regibus
1216 2494 1409 2558 successione

460 2598 601 2665 fidelium
625 2621 728 2663 semen
749 2613 913 2685 permanet
932 2600 965 2663 in
988 2615 1154 2665 aeternum.
1202 2602 1281 2664 Haec
1300 2616 1406 2663 antem

459 2713 495 2767 ut
511 2701 552 2767 ad
568 2724 705 2786 praesens
720 2704 759 2767 de
775 2702 916 2781 Christo,
926 2705 983 2788 qui
998 2702 1104 2767 factus
1118 2725 1158 2766 ex
1170 2700 1288 2767 semine
1300 2698 1408 2763 David

459 2802 632 2869 secundum
648 2825 786 2879 carnem,
802 2825 858 2866 rex
880 2824 993 2887 regum
1012 2816 1072 2883 est,
1088 2816 1120 2866 et
1141 2802 1288 2867 dominus
1309 2799 1408 2865 domi-

458 2903 613 2984 nantium,
635 2902 722 2969 nulla
744 2906 784 2968 sit
809 2905 939 2981 mentio,
958 2902 1053 2968 etiam
1077 2903 1252 2969 secundum
1273 2903 1410 2981 literam,

458 3018 611 3093 perpetuo
633 3005 770 3070 arbitror
791 3006 947 3083 obtinere,
970 3018 1006 3070 ut
1031 3005 1202 3070 succedant
1224 3005 1409 3091 parentibus

460 3108 529 3185 filii,
545 3109 571 3172 si
594 3131 646 3172 eos
667 3108 698 3171 in
714 3108 873 3175 mandatis
896 3109 1028 3173 Domini
1043 3107 1180 3173 fideliter
1199 3108 1319 3172 fuerint
1341 3108 1412 3172 imi-

459 3205 529 3271 tati.
574 3204 668 3269 Adeo
683 3206 854 3290 siquidem,
872 3220 906 3271 ut
929 3207 954 3271 si
973 3207 1121 3290 omnibus
1135 3221 1220 3273 recte
1235 3207 1410 3294 dispositis,

458 3319 489 3372 et
511 3310 543 3371 in
565 3331 603 3371 eo
623 3308 834 3387 manentibus,
850 3309 938 3373 nulla
959 3310 1106 3373 videatur
1127 3332 1194 3374 esse
1216 3308 1409 3385 sollicitudo,

459 3408 508 3472 vel
523 3408 660 3473 officium
683 3408 894 3495 praesidentis,
910 3422 1033 3475 constat
1054 3410 1105 3474 his
1127 3412 1185 3495 qui
1209 3409 1304 3473 semel
1325 3409 1411 3495 prin-

456 3510 558 3595 cipem
575 3501 783 3589 admiserunt,
799 3510 839 3575 de
862 3512 979 3577 semine
993 3511 1086 3575 ¹illius
1100 3512 1330 3575 successionem
1346 3533 1407 3574 non

457 3610 654 3688 defuturam,
675 3612 734 3676 etsi
754 3635 815 3676 non
839 3614 881 3678 ob
901 3613 1002 3692 aliud,
1024 3612 1075 3677 vel
1101 3611 1142 3675 ad
1163 3610 1408 3676 conservandam

459 3711 619 3797 sanguinis
634 3712 820 3780 claritatem.
866 3714 960 3791 Quod
976 3727 1008 3777 et
1024 3712 1226 3777 historiarum
1239 3710 1341 3793 liquet
1355 3732 1409 3771 ex-

458 3811 579 3898 emplis.
620 3810 735 3878 Fertur
750 3814 832 3877 enim
849 3813 937 3897 quod
953 3834 1054 3898 quum
1071 3833 1205 3893 magnus
1222 3809 1405 3873 Alexander

458 3914 607 3980 ultimum
632 3914 724 3981 littus
751 3914 868 3978 Oceani
895 3912 1112 3999 perlustraret,
1138 3910 1408 3976 Brachmanorum

457 4017 593 4083 insulam
605 4016 764 4082 debellare
775 4014 921 4102 parabat.
960 4012 1009 4078 Ad
1022 4035 1117 4098 quem
1130 4010 1177 4077 illi
1192 4013 1224 4075 in
1241 4013 1289 4076 his
1305 4013 1410 4077 verbis

458 4118 624 4204 epistolam
654 4118 826 4181 miserunt:
866 4113 1068 4190 Audivimus,
1098 4111 1304 4180 invictissime
1342 4136 1410 4194 rex,

458 4217 568 4304 praelia
578 4231 644 4298 tua,
650 4230 682 4282 et
694 4215 1026 4281 felicitatemvictoriae
1038 4215 1158 4301 ubique
1171 4217 1410 4301 subsequutum.

460 4321 521 4385 Sed
544 4319 623 4404 quid
639 4319 699 4384 erit
720 4316 904 4405 hujusmodi
928 4315 1014 4394 satis,
1037 4316 1088 4379 cui
1111 4329 1198 4383 totus
1218 4341 1280 4383 non
1296 4316 1411 4385 sufficit
