3384 5234
342 686 411 732 cnr.
428 663 491 745 xn]
692 679 947 729 Ponvcnnrrons.
1238 672 1296 734 195

242 841 247 846 ’
342 839 465 902 mittere
487 838 572 922 quod
596 850 744 921 praestare
767 859 831 901 non
853 848 955 922 potes.
1003 837 1037 900 Si
1053 838 1296 923 enimpotestas

342 940 467 1003 affuerit
495 938 661 1020 largiendi,
686 940 747 1004 nisi
781 941 931 1003 voluntas
960 939 1110 1003 beneficii
1139 942 1297 1023 producat

341 1043 503 1117 effectum,
518 1042 692 1126 promissor
709 1064 771 1105 non
789 1043 922 1123 gratiam
941 1040 980 1104 de
1000 1043 1168 1123 promisso,
1183 1042 1240 1107 sed
1257 1043 1296 1108 de

342 1143 509 1206 mendacio
523 1144 681 1207 contrahit
703 1145 871 1207 maculam.
914 1144 1008 1215 Quod
1024 1144 1051 1206 si
1067 1165 1109 1207 ex
1130 1146 1296 1210 intervallo

341 1245 490 1327 promissi
505 1245 603 1309 fidem
617 1246 806 1330 impleverit,
818 1247 1018 1310 liberalitatis
1034 1246 1140 1324 decor,
1152 1259 1184 1311 et
1198 1250 1295 1312 bene·

342 1346 408 1409 ficii
420 1348 546 1429 species
557 1348 628 1430 ipsa
637 1347 790 1425 fuscatur,
803 1368 841 1409 eo
855 1346 943 1429 qnod
955 1346 1011 1429 qui
1026 1347 1158 1424 distulit,
1169 1349 1295 1413 interim

344 1448 431 1510 visus
446 1459 494 1511 est
508 1449 658 1512 noluisse.
704 1448 801 1512 Unde
817 1447 1015 1511 versificator
1030 1450 1187 1532 egregins,

448 1563 576 1631 Denigrnt
588 1565 707 1617 meritum
719 1564 807 1616 dantis
815 1579 895 1625 mora,
908 1579 969 1614 nam
981 1563 1043 1615 data
1053 1566 1148 1635 raptim

519 1651 640 1713 Munera,
652 1651 710 1721 plus
719 1650 814 1715 laudis,
826 1650 935 1721 plusque
947 1648 1041 1702 favoris
1052 1650 1157 1703 habent.

342 1754 498 1817 Praeterea
513 1757 585 1839 quis
607 1757 767 1819 defuturo
788 1767 893 1819 certus
908 1766 968 1833 est,
983 1767 1019 1819 ut
1037 1756 1117 1821 soiat
1140 1779 1173 1821 se
1194 1780 1294 1843 qnan-

342 1854 448 1939 doque
463 1879 557 1940 posse
568 1858 699 1942 implere
715 1858 801 1943 quod
814 1857 939 1921 differt?
966 1861 1084 1922 Nonne
1095 1862 1297 1926 consiliarius

342 1958 492 2032 veritatis,
499 1959 726 2039 assertorfidei‚
732 1960 1142 2043 electionisvasfdoctorem
1154 1966 1296 2043 gentium

338 2062 467 2145 loquor)
483 2059 623 2126 fidelium
644 2064 778 2136 animos,
796 2084 877 2147 quos
898 2062 1053 2127 adventus
1074 2065 1123 2127 sni
1143 2081 1294 2149 expecta-

339 2163 426 2227 tione
449 2164 669 2249 suspenderat,
693 2166 854 2230 frustravit
875 2189 895 2230 a
917 2166 1075 2231 desiderio
1097 2166 1177 2231 suo?
1209 2167 1296 2241 Quid

340 2266 425 2329 alind
439 2267 505 2349 agit
519 2268 574 2331 illa
585 2268 687 2349 ipsius
701 2269 879 2343 excusatio,
893 2291 955 2353 qua
971 2267 1058 2353 apud
1070 2292 1104 2333 se
1118 2292 1184 2333 nou
1200 2272 1296 2334 fuisse

342 2377 392 2431 est
405 2378 437 2432 et
451 2390 530 2444 non,
546 2367 602 2433 sed
618 2380 667 2431 est
682 2380 803 2433 tantum
820 2382 1059 2447 commemorat,
1074 2380 1106 2435 et
1121 2394 1154 2434 se
1168 2373 1296 2435 levitate

342 2490 407 2532 non
427 2491 518 2534 nsum
538 2469 752 2554 protestatur?
788 2472 823 2536 si
847 2493 913 2535 non
936 2472 1042 2555 potuit
1065 2473 1132 2547 ille,
1154 2474 1296 2537 Domino

340 2568 546 2653 impediente,
562 2571 648 2655 quod
671 2572 771 2635 voluit
795 2572 867 2650 (hoe
884 2573 969 2635 enim
992 2569 1091 2635 voluit
1113 2573 1200 2656 qnod
1223 2595 1295 2656 pro·

340 2671 443 2751 misit)
465 2672 538 2754 quis
553 2672 682 2756 sapiens
703 2693 824 2750 secure,
840 2672 927 2756 quod
947 2694 990 2736 ex
1007 2673 1158 2737 facilitate
1173 2684 1295 2737 naturae

342 2773 474 2855 pendet,
485 2774 649 2855 promittit,
663 2797 762 2859 quum
778 2776 888 2838 leviter
900 2776 1011 2858 possit,
1024 2797 1067 2839 ex
1080 2776 1186 2839 causis
1200 2797 1295 2860 quam

343 2874 488 2955 plurimis
502 2874 671 2958 impediri?
702 2876 753 2940 Ad
768 2876 838 2941 haec
856 2899 898 2940 ex
912 2878 1001 2960 justa
1017 2899 1114 2942 causa
1128 2889 1234 2962 potest
1248 2879 1297 2940 in-

341 2974 467 3037 terdurn
489 2988 610 3039 mutare
632 2978 767 3061 quilibet
785 2980 991 3042 voluntatem.
1030 2979 1158 3060 Dignus
1177 2979 1297 3042 etenim

342 3077 502 3141 beneficio
524 3100 582 3163 pro
603 3089 745 3162 ternpore
769 3080 892 3143 videtur
914 3081 1042 3164 aliquis,
1065 3081 1120 3165 qui
1142 3102 1296 3163 processu

341 3200 455 3258 rerum,
477 3180 591 3244 eodem
613 3182 768 3264 reperitur
789 3182 952 3263 indignus
996 3184 1041 3245 Et
1063 3181 1224 3245 interdurn
1247 3181 1296 3244 in·

341 3278 456 3361 dignus
482 3291 538 3353 est,
563 3280 619 3364 qni
643 3281 686 3344 ad
711 3282 830 3364 frugem
854 3284 993 3345 melioris
1015 3284 1089 3346 vitae
1112 3302 1295 3359 conversus,

340 3380 534 3443 beneficium
553 3382 672 3445 meritis
692 3384 789 3446 etiam
810 3406 829 3447 a
847 3405 945 3446 manu
966 3393 1128 3462 extranea,
1143 3393 1179 3447 ut
1199 3386 1295 3466 vulgo

342 3480 409 3544 dici
424 3484 513 3554 solet,
529 3495 705 3568 extorquet.
736 3486 776 3549 In
791 3486 842 3549 his
858 3497 979 3550 mutare
991 3486 1189 3570 propositum
1206 3509 1293 3571 saepe

342 3593 482 3644 nonest
510 3583 662 3663 criminis,
688 3586 745 3649 sed
772 3587 906 3650 virtutis.
953 3588 1049 3664 Nam,
1075 3597 1111 3650 nt
1135 3608 1155 3650 a
1179 3588 1296 3653 fabulis

342 3685 524 3764 doceamur,
534 3686 679 3750 Theseus
690 3690 786 3752 unico
798 3688 866 3749 filio
883 3710 941 3751 suo
956 3710 1023 3751 non
1033 3689 1145 3754 fuisset
1156 3693 1295 3768 orbatus,

342 3786 368 3848 si
384 3785 537 3849 voluisset
551 3798 672 3851 mutare
691 3789 901 3871 propositum.
938 3788 983 3853 Er
1001 3790 1145 3854 Phoebus
1163 3801 1295 3874 urgente

343 3888 471 3949 stimulo
494 3887 624 3960 doloris,
642 3909 737 3970 quern
755 3888 794 3951 de
818 3889 1005 3954 Phaetontis
1024 3893 1116 3954 ruina
1138 3912 1295 3974 concepe-

342 4000 401 4068 rat,
412 3992 488 4053 exul
503 3990 607 4054 aeoeli
617 3992 758 4071 regione,
770 3988 897 4054 Admeti
912 4014 978 4055 non
991 3994 1131 4075 pavisset
1142 4004 1293 4067 armenta,

342 4092 368 4153 si
392 4092 422 4153 ei
444 4104 561 4168 votum,
584 4113 649 4174 quo
672 4114 718 4170 se,
741 4092 849 4174 Stygis
871 4092 1061 4176 interposito
1083 4105 1292 4171 sacramento,

342 4193 408 4255 filio
431 4194 600 4256 ambitioso
624 4195 828 4274 obligaverat,
848 4202 970 4255 mutare
988 4194 1140 4257 licuisset.
1185 4196 1230 4255 Et
1251 4215 1292 4255 ne

343 4292 521 4357 fabularum
549 4295 758 4359 instrumenta
787 4304 983 4370 contemnas,
1012 4316 1070 4357 rex
1100 4293 1293 4371 incredulus,

791 4413 813 4456 o
828 4400 849 4454 Q
