3384 5234
380 685 449 729 cnr.
464 668 513 746 x.]
739 684 994 731 romanensem.
1263 674 1328 733 303

378 846 589 921 extorqueant
618 835 832 922 impudenter.
889 834 998 900 Pudor
1030 848 1138 900 autem
1166 837 1327 925 abjicitur,

377 936 470 1000 simul
483 931 522 1001 'ac
537 939 577 1002 ad
594 938 774 1003 exactiones
794 952 922 1003 ventum
938 949 995 1001 est.
1041 938 1193 1019 Verbum,
1208 940 1326 1027 iuquit,

379 1039 592 1103 verecundum
623 1039 758 1126 supplici
788 1062 825 1103 ac
856 1039 1011 1103 submissa
1040 1061 1116 1102 voce
1145 1040 1327 1124 dicendum,

377 1140 484 1227 Rogo,
494 1164 551 1205 nec
566 1142 667 1227 gratis
679 1141 765 1221 tulit,
776 1141 833 1227 qui
846 1162 945 1227 quum
961 1153 1088 1225 rogaret
1099 1142 1231 1229 accepit.
1272 1146 1328 1210 Bis

377 1241 460 1306 enim
481 1243 566 1320 emit,
583 1247 640 1329 qui
661 1256 763 1329 rogat.
801 1242 857 1306 Ad
877 1243 923 1306 rei
942 1263 1079 1330 namque
1099 1242 1148 1307 vel
1169 1242 1236 1332 spei
1255 1268 1326 1330 pre·

380 1344 471 1425 tium,
499 1346 722 1412 verecundiam
753 1346 908 1410 vendidit.
964 1346 1088 1410 Munus
1122 1369 1198 1410 vero
1226 1348 1326 1433 justae

376 1446 628 1530 reprehensionis
647 1468 711 1511 nou
735 1447 832 1512 habet
853 1460 973 1525 notam,
989 1445 1078 1533 quod
1102 1447 1229 1512 devotio
1248 1448 1327 1513 libe-

375 1547 511 1613 ralitatis
532 1550 661 1626 obtulit,
677 1572 740 1614 non
755 1549 942 1635 improbitas
963 1548 1162 1633 deprecantis
1182 1551 1326 1616 extorsit.

379 1653 432 1714 lta
455 1663 559 1715 tamen
577 1665 613 1717 ut
629 1654 812 1739 iniquorum
829 1674 960 1715 munera
976 1674 1037 1715 non
1054 1664 1210 1738 acceptet,
1225 1675 1326 1739 quum

377 1751 491 1835 ingrati
516 1752 652 1817 hominis
674 1756 725 1830 sit,
749 1752 831 1817 votis
852 1774 915 1816 non
943 1753 1047 1815 fovere
1072 1751 1271 1834 beneficium,
1293 1767 1326 1819 et

377 1852 512 1937 impium
534 1876 591 1940 pro
614 1854 800 1919 muneribus
817 1852 1006 1939 justificare,
1023 1853 1148 1918 dicente
1174 1854 1325 1933 Domino,

376 1956 416 2017 sit
431 1954 587 2041 iniquum.
626 1960 750 2042 Utique
764 1955 952 2020 beneficium
972 1956 1114 2041 accipere
1128 1966 1175 2020 est
1189 1956 1325 2020 vendere

376 2056 566 2135 libertatem,
588 2071 620 2124 et
645 2058 799 2123 dedecens
825 2070 873 2123 est
898 2079 1006 2123 servos
1030 2080 1099 2122 esse
1124 2057 1181 2144 qui
1207 2059 1324 2123 debent

373 2158 442 2223 aliis
457 2160 622 2246 imperare.
662 2162 888 2225 Verumtamen
910 2171 942 2225 et
962 2183 1066 2225 causae
1081 2160 1163 2225 ratio
1178 2160 1324 2225 habenda

375 2272 422 2324 est
437 2273 469 2325 et
484 2284 638 2348 personae,
650 2274 687 2326 ut
701 2284 759 2327 nec
773 2285 792 2326 a
807 2263 907 2348 turpi,
919 2284 976 2325 nec
988 2262 1127 2348 turpiter
1140 2261 1325 2349 accipiatur,

374 2362 463 2448 quod
488 2387 527 2427 ex
553 2363 635 2443 loco,
660 2376 692 2428 et
718 2377 872 2449 tempore,
898 2376 931 2427 et
957 2364 1052 2428 modo
1077 2363 1174 2428 latius
1198 2375 1325 2449 oportet

374 2464 501 2550 inquiri.
561 2466 644 2527 Nam
681 2465 871 2549 plerumque
900 2486 919 2526 a
948 2486 1055 2539 manu,
1085 2463 1276 2547 plerumque
1305 2486 1325 2526 a

374 2588 480 2642 causa,
492 2588 511 2629 a
523 2577 665 2650 tempore
676 2562 851 2642 interdum,
861 2563 1021 2627 interdum
1034 2585 1053 2625 a
1064 2562 1145 2637 loco,
1157 2561 1208 2624 vel
1217 2564 1324 2639 modo,

375 2663 541 2748 splendent
570 2684 701 2726 munera
730 2662 781 2726 vel
811 2662 1006 2727 sordescunt.
1061 2663 1117 2725 At.
1137 2661 1325 2747 improbitas

376 2764 542 2831 curialium
557 2789 595 2829 eo
610 2788 713 2851 usque
728 2764 880 2843 innotuit,
896 2777 932 2831 ut
947 2764 988 2829 de
1009 2763 1190 2830 testimonio
1204 2764 1323 2828 consci·
1401 2827 1403 2831 .

374 2868 480 2945 entiae,
500 2867 541 2931 de
563 2880 729 2932 venustate
751 2890 888 2944 morum,
908 2868 949 2933 de
971 2867 1068 2931 odore
1090 2864 1258 2951 opinionis,
1281 2866 1322 2930 de

374 2970 551 3036 sinceritate
570 2993 684 3047 causae,
701 2970 741 3034 de
762 2980 903 3035 torrente
922 2968 1125 3057 eloquentia,
1138 2967 1199 3031 uisi
1217 2968 1322 3054 pretio

373 3072 613 3153 interveniente,
627 3071 700 3157 quis
715 3071 836 3135 frustra
850 3068 999 3135 confidat.

477 3186 539 3258 Ipse
550 3186 612 3238 licet
622 3186 711 3238 venias
723 3184 809 3237 Musis
821 3183 972 3248 comitatus,
986 3181 1112 3245 Homere,

582 3273 612 3324 Si
623 3270 689 3323 nihil
700 3270 827 3336 attuleris,
838 3270 890 3322 ibis
903 3268 1019 3322 Homero
1029 3266 1110 3320 foras.

374 3377 446 3439 Non
475 3374 571 3440 modo
596 3374 701 3438 leones
726 3386 758 3438 et
783 3371 927 3457 tigrides,
954 3368 1144 3455 eloquentiae
1169 3368 1321 3432 beneficio

372 3477 485 3541 lenisse
508 3477 614 3541 dictus
638 3488 686 3541 est
712 3474 871 3561 Orpheus,
893 3474 946 3538 sed
972 3473 1059 3559 apud
1080 3471 1187 3559 ipsum
1210 3470 1319 3535 Ditem

258 3605 267 3614 ·
372 3602 436 3643 vox
456 3579 582 3645 dulcior
601 3579 771 3665 peroravit,
791 3599 966 3663 canemque
985 3576 1157 3663 tricipitem
1176 3574 1321 3640 exoravit

372 3705 470 3746 causa
494 3680 710 3760 favorabilior,
738 3693 774 3744 ut
804 3679 972 3744 admissam
999 3676 1095 3742 semel
1124 3676 1319 3763 Eurydicem

370 3798 481 3849 contra
503 3805 621 3847 morem
646 3782 819 3846 inferorum
844 3780 952 3846 liceret
978 3781 1121 3846 educere.
1165 3782 1218 3844 Tu
1244 3801 1320 3843 vero

369 3886 441 3950 licet
463 3886 613 3971 Orpheus
643 3884 696 3961 sis,
716 3895 774 3948 aut
798 3883 912 3959 Arion,
934 3883 983 3947 vel
1007 3882 1061 3947 ille
1082 3881 1138 3968 qui
1161 3880 1228 3945 solo
1257 3894 1319 3946 tes·

368 3986 490 4050 tudinis
512 4009 599 4063 sono,
623 4008 710 4065 saxa,
733 3998 770 4050 ut
792 3983 922 4061 dicitur,
944 3982 1109 4060 emollivit,
1127 3980 1209 4044 ⁴nihil
1231 3980 1319 4068 apud

367 4087 504 4153 curiales
517 4088 642 4166 efficieS,
657 4086 717 4150 nisi
738 4085 887 4171 plumbea
908 4107 1018 4149 eorum
1038 4083 1134 4147 corda
1149 4105 1246 4147 aureo
1268 4082 1318 4146 vel

365 4200 517 4274 argenteo
532 4186 646 4252 malleo
662 4186 812 4250 vanitatis
820 4178 878 4248 'vel
893 4184 1076 4271 cupiditatis
1091 4184 1208 4249 incude
1222 4182 1319 4246 emol-

366 4289 432 4353 lias
480 4288 721 4352 inclementiam
744 4285 876 4352 Cerberi
893 4308 1002 4349 omnes
1023 4283 1205 4349 abhorrent.
1244 4286 1317 4367 Ego
