3384 5234
313 660 383 705 car.
401 642 462 721 1v.]
685 652 939 703 Pourcnarrcus.
1219 642 1261 699 67

306 824 437 896 repente
452 811 586 875 clamare
606 809 722 895 coepit:
749 811 818 873 Vox
834 809 875 871 ab
896 808 1028 884 oriente,
1045 827 1107 870 vox
1123 804 1164 870 ab
1178 801 1258 869 occi-

306 913 412 989 dente,
424 936 486 978 vox
499 936 517 977 a
530 924 671 999 quatuor
688 914 801 987 ventis,
811 933 873 974 vox
890 933 985 996 snper
1002 908 1257 995 Hierosolymam

305 1028 336 1081 et
353 1015 520 1102 templum,
537 1037 599 1078 vox
617 1035 712 1098 super
736 1034 865 1097 sponsos
880 1024 911 1075 et
928 1033 1023 1097 super
1038 1033 1178 1096 sponsas,
1195 1030 1257 1072 vox

306 1140 401 1204 super
424 1116 590 1203 populum.
637 1117 682 1177 Et
708 1113 922 1177 indesinenter
941 1112 994 1176 die
1016 1125 1178 1198 noctuque
1199 1132 1257 1197 per

305 1242 413 1283 omnes
433 1219 554 1305 plateas
575 1216 762 1281 circumiens
785 1214 854 1279 haec
874 1214 1049 1279 clamabat:
1073 1236 1258 1302 usquequo

306 1321 437 1405 quidam
461 1320 615 1405 primores
637 1340 676 1380 ex
703 1315 823 1402 populo
839 1315 911 1390 viri,
927 1316 1015 1380 velut
1030 1315 1162 1380 infausti
1178 1338 1258 1400 prae·

308 1420 387 1501 sagii
423 1419 643 1503 indignatione
679 1417 841 1493 commoti,
879 1430 1060 1501 correptum
1099 1416 1257 1479 hominem

308 1521 620 1586 multisverberibus
641 1519 793 1584 afficiunt.
839 1521 887 1582 At
908 1518 961 1582 ille
981 1540 1183 1605 nequaquam
1199 1541 1259 1604 pro

309 1646 341 1686 se
356 1622 478 1707 aliquid
503 1621 647 1707 loquens,
663 1621 717 1685 sed
742 1644 799 1684 nec
814 1644 868 1683 eos
889 1620 1032 1706 quidem,
1047 1621 1104 1706 qui
1125 1619 1260 1683 circum·

309 1735 462 1787 steterant
485 1721 669 1807 deprecans,
692 1721 817 1784 easdem
836 1744 928 1785 voces
950 1720 1020 1807 pari
1044 1721 1260 1786 obstinatione

307 1836 339 1888 et
362 1823 497 1887 clamore
517 1824 691 1908 repetebat.
740 1824 835 1887 Tunc
859 1823 1017 1909 principes
1039 1822 1262 1908 intelligentes,

308 1939 345 1989 ut
368 1948 418 1988 res
441 1938 519 2004 erat,
540 1924 679 1989 numinis
701 1948 771 1988 esse
792 1925 824 1988 in
850 1925 918 1988 viro
940 1938 1057 2007 motus,
1079 1925 1259 2010 perducunt

307 2027 434 2091 eumad
454 2027 597 2113 judicem
621 2030 852 2106 Romanorum,
867 2028 955 2115 apud
978 2051 1074 2114 quem
1094 2028 1203 2113 flagris
1218 2028 1259 2091 ad

306 2153 376 2194 ossa
398 2153 500 2215 usque
522 2130 673 2207 laniatus,
698 2152 801 2216 neque
827 2153 935 2217 preces
957 2154 1060 2217 neque
1082 2130 1261 2218 lachrymas

306 2230 412 2305 ludim
437 2231 493 2295 sed
513 2231 645 2294 eandem
663 2254 771 2295 vocem
793 2231 1026 2307 miserabiliter,
1041 2244 1073 2296 et
1093 2255 1165 2296 cum
1182 2255 1261 2317 quo-

305 2332 377 2396 dam
393 2332 515 2418 ejulatu
538 2334 699 2410 emittens,
714 2356 771 2418 per
787 2333 913 2419 singula
933 2354 1025 2419 paene
1041 2335 1171 2399 verbera
1186 2356 1260 2419 pro·

306 2434 440 2509 ferebat,
470 2433 591 2498 addens
621 2434 717 2498 etiam
748 2434 818 2513 hoc,
847 2458 908 2515 vae,
938 2459 986 2501 vae
1017 2436 1259 2523 Hierosolymis.

309 2538 518 2622 Prosequitur
542 2549 573 2601 et
604 2536 692 2601 aliud
719 2534 802 2598 idem
832 2535 1118 2622 historiographus,
1142 2539 1261 2623 majore

307 2652 433 2722 gestum
449 2639 613 2720 miracula,
629 2638 736 2703 dicens
756 2640 921 2703 oraculum
941 2639 1102 2724 quoddam
1118 2640 1151 2702 in
1167 2639 1262 2702 sacris

309 2742 406 2806 literis
421 2755 595 2828 repertum,
611 2740 698 2827 quod
714 2762 772 2827 per
791 2741 876 2805 idem
897 2754 1024 2827 tempus
1039 2742 1143 2806 virum
1159 2740 1262 2822 desig·

309 2854 399 2905 naret
414 2866 454 2905 ex
470 2866 579 2907 eorum
594 2844 724 2929 regione
744 2863 975 2928 processurum,
992 2843 1047 2929 qui
1063 2844 1162 2908 totius
1176 2843 1262 2907 orbis

309 2944 470 3028 potiretur
492 2944 636 3030 imperio.
682 2946 786 3030 Cujus
807 2946 927 3009 oraculi
951 2946 1153 3031 praesagium,
1177 2945 1260 3010 idem

309 3046 586 3130 historiographus
616 3047 844 3133 Vespasianum
883 3047 1042 3111 declarare
1071 3049 1260 3135 suspicatur.

311 3148 373 3211 Sed
392 3148 603 3234 Vespasianus
625 3173 687 3213 non
711 3149 793 3227 aliis,
814 3172 910 3235 quam
933 3150 996 3213 illis
1018 3150 1091 3215 solis
1112 3151 1263 3235 gentibus

307 3273 383 3336 quac
399 3254 544 3315 Romano
561 3253 701 3338 Imperio
711 3252 904 3316 videbantur
918 3252 1068 3334 subditae,
1080 3253 1262 3319 dominatus

307 3365 368 3417 est.
413 3353 510 3417 Unde
528 3354 650 3439 justius
673 3354 713 3418 ad
738 3354 902 3419 Christum
927 3355 994 3419 haec
1017 3378 1166 3443 responsa
1181 3356 1261 3419 rese-

308 3467 437 3530 runtur,
452 3455 493 3518 ad
509 3480 603 3541 quem
620 3456 703 3521 dixit
719 3470 826 3542 pater:
853 3459 931 3522 Pete
946 3481 965 3522 a
979 3482 1041 3538 me,
1056 3471 1087 3524 et
1103 3458 1187 3523 dabo
1202 3460 1262 3524 tibi

307 3569 430 3640 gentes,
446 3558 656 3623 hereditatem
678 3573 779 3638 tuam,
793 3571 825 3622 et
847 3560 1075 3644 possessionem
1095 3575 1182 3627 tuam
1201 3575 1262 3627 ter-

307 3660 409 3721 minos
431 3671 534 3723 terrae.
582 3661 627 3725 Et
648 3661 741 3745 cujus
764 3661 925 3745 peridem
947 3675 1085 3749 tempus,
1101 3686 1158 3750 per
1174 3667 1264 3751 Apo-

307 3758 405 3824 stolos
420 3784 506 3836 suos,
522 3762 555 3825 iu
578 3785 702 3825 omnem
727 3775 844 3826 terram
867 3765 967 3829 exivit
984 3788 1079 3829 sonus
1094 3789 1214 3844 eorum,
1229 3778 1262 3829 et

308 3862 340 3926 in
356 3862 435 3927 fines
449 3863 537 3928 orbis
553 3877 646 3929 terrae
662 3864 759 3928 verba
773 3887 891 3929 eorum.
