3384 5234
427 644 489 705 336
675 654 812 699 JOANNIS
829 653 1109 702 SARESBEROENSIS
1250 643 1333 723 [Lm.
1351 662 1383 709 V.

429 813 563 881 levatus,
590 807 673 890 pede
702 807 736 869 in
764 807 913 870 manibus
942 808 1022 871 meis
1050 809 1166 892 posito,
1196 814 1322 878 recubit
1352 826 1385 879 et

428 912 558 995 quievit,
575 921 668 993 atque
684 930 728 973 ex
747 931 786 974 eo
808 908 861 973 die
880 921 981 973 totum
1004 909 1176 975 triennium
1199 934 1263 996 ego
1283 926 1317 979 et
1331 919 1384 981 leo

425 1014 460 1075 in
482 1012 594 1076 eodem
614 1032 724 1094 specu,
744 1011 923 1095 eodemque
943 1012 1029 1075 victu
1050 1012 1201 1079 viximus.
1245 1019 1330 1081 Nam
1353 1020 1382 1082 si

427 1135 508 1198 quas
529 1114 703 1177 venabatur
724 1113 819 1189 feras,
838 1113 981 1175 membra
1002 1113 1161 1196 opimiora
1182 1116 1224 1181 ad
1247 1140 1382 1203 specum

427 1216 628 1297 suggerebat,
643 1236 716 1298 quse
739 1235 812 1294 ego,
825 1213 910 1293 ignis
931 1214 1058 1298 copiam
1080 1238 1146 1279 non
1167 1219 1301 1298 habens,
1316 1243 1384 1285 me·

425 1318 548 1381 ridiano
563 1319 630 1380 sole
646 1326 730 1379 tosta
749 1315 897 1379 edebam.
943 1314 1007 1379 Sed
1025 1317 1079 1380 ubi
1094 1339 1157 1391 me,
1175 1319 1292 1404 inquit,
1307 1322 1380 1385 vitae

425 1417 511 1481 illius
533 1418 642 1481 serinae
657 1416 728 1502 jam
746 1426 918 1499 pertesum
943 1428 1002 1490 est,
1017 1418 1112 1482 leone
1135 1432 1283 1483 renatum
1305 1442 1379 1504 pro-

424 1520 519 1598 fecto,
530 1519 646 1603 reliqui
662 1540 805 1602 specum,
816 1530 848 1581 et
859 1517 943 1583 viam
955 1518 1052 1583 ferme
1068 1520 1163 1584 tridui
1179 1544 1379 1605 permensus,

423 1644 443 1685 a
466 1622 622 1685 militibus
647 1623 743 1698 visus,
765 1621 996 1704 apprehensus,
1018 1632 1051 1685 et
1077 1623 1118 1686 ad
1143 1624 1308 1687 dominum
1335 1647 1379 1688 ex

425 1724 530 1787 Africa
545 1725 683 1786 Romam
699 1722 857 1786 deductus
872 1743 952 1786 sum.
992 1724 1026 1786 Is
1042 1745 1092 1786 me
1105 1724 1211 1787 statim
1228 1726 1273 1788 rei
1290 1728 1377 1810 capi·

425 1823 501 1887 talis
515 1822 743 1899 damnandum,
758 1816 963 1905 dandumque
983 1822 1023 1884 ad
1046 1822 1164 1885 bestias
1187 1827 1377 1905 procuravit.

425 1924 577 2005 Intelligo
601 1932 707 1985 autem
731 1922 818 1986 hunc
843 1942 971 2005 quoque
993 1923 1133 1998 leonem,
1154 1944 1207 1986 me
1228 1934 1306 1988 tunc
1331 1947 1380 1990 se·

423 2035 534 2109 parato
564 2035 705 2107 captum,
738 2023 868 2104 gratiam
898 2044 985 2087 nunc
1013 2022 1171 2088 beneficii
1202 2022 1318 2090 referre
1348 2037 1381 2091 et

423 2123 567 2187 medelae.
617 2124 749 2186 Solutus
773 2124 881 2207 itaque
908 2135 956 2186 est
981 2144 1079 2208 poena
1103 2126 1318 2206 Andronicus,
1344 2140 1377 2193 et

424 2224 530 2288 eidem
552 2224 604 2285 leo
624 2223 722 2285 totius
742 2224 854 2306 populi
875 2226 1028 2303 suffragio
1051 2224 1199 2290 donatus.
1244 2228 1378 2294 Exinde

423 2323 635 2388 amicantibus
659 2323 721 2386 sibi
744 2323 875 2387 bomine
899 2334 932 2387 et
955 2327 1060 2404 leone,
1086 2339 1119 2391 et
1142 2330 1255 2392 urbem
1283 2352 1376 2413 pera-

423 2426 587 2508 grantibus
610 2435 641 2488 et
660 2425 941 2505 circumeuntibus,
963 2426 1116 2492 dicebaut
1137 2450 1268 2493 omnes:
1307 2433 1376 2496 Hic

423 2538 471 2590 est
484 2529 537 2590 leo
551 2527 670 2610 hospes
684 2525 833 2606 hominis,
850 2526 904 2591 hio
926 2537 973 2591 est
987 2528 1084 2591 homo
1098 2530 1246 2593 medicus
1260 2532 1375 2599 leonis.

423 2629 604 2703 Qumis-ue
619 2628 767 2692 historias
782 2627 945 2693 notiores?
973 2629 1026 2693 De
1041 2627 1115 2693 lacu
1129 2632 1258 2695 leonum
1275 2633 1377 2698 exivit

423 2732 553 2806 Daniel,
578 2739 609 2793 et
633 2728 725 2813 pueri
752 2729 793 2792 de
819 2730 947 2793 camino
971 2730 1055 2811 ignis
1080 2744 1249 2797 eraserunt
1274 2734 1376 2799 illaesi.

422 2834 467 2896 Et
484 2831 570 2914 apud
590 2852 702 2895 omnes
721 2840 835 2912 gentes
857 2852 899 2893 ex
917 2832 1028 2913 gratia,
1046 2841 1162 2915 praeter
1180 2835 1376 2917 opinionem,

421 2936 461 2997 ab
475 2933 716 2996 imminentibus
737 2932 829 2995 malis
848 2933 973 2995 liberati
995 2942 1070 2995 sunt
1092 2934 1234 3016 plurimi.
1277 2937 1376 3001 Unde

420 3035 530 3097 nullus
554 3055 674 3109 eorum,
697 3030 752 3114 qui
779 3053 894 3095 manus
916 3031 1094 3116 injecerunt
1121 3034 1194 3113 sibi,
1216 3036 1294 3099 satis
1317 3059 1374 3100 ex·

421 3147 550 3198 cusatus
565 3146 613 3198 est
626 3132 717 3210 mihi,
737 3132 814 3195 licet
827 3134 952 3214 magnis
963 3135 1135 3217 praeconiis
1158 3137 1377 3203 ecclesiastica

420 3234 551 3297 historia
580 3235 705 3317 aliquos
734 3234 856 3311 efferat,
881 3245 1094 3317 provocantes
1125 3249 1268 3315 mortem,
1298 3240 1377 3321 quia

420 3334 644 3419 temporariam
658 3334 753 3397 vitam
770 3334 857 3417 apud
874 3355 920 3412 se,
933 3355 1029 3417 quam
1045 3334 1234 3419 pudicitiam
1249 3339 1375 3421 pericli-

420 3437 480 3501 tari
494 3437 665 3499 malebant.
712 3438 755 3499 At
771 3455 826 3498 eos
843 3435 889 3498 sic
906 3446 1064 3499 excusant
1077 3436 1244 3502 infirmitas
1259 3441 1376 3520 carnis,

420 3550 452 3601 et
480 3537 660 3620 ignorantia
680 3536 774 3622 juris,
799 3546 831 3599 et
856 3536 1042 3600 incendium
1071 3538 1222 3617 caritatis,
1240 3550 1272 3604 et
1293 3540 1375 3604 forte

419 3640 605 3702 mandatum
630 3639 784 3702 familiare
808 3638 885 3717 Dei,
908 3650 944 3701 ut
964 3639 1010 3702 sic
1034 3640 1069 3701 iu
1091 3640 1295 3724 simplicitate
1315 3664 1375 3705 sua

418 3740 592 3815 salventur,
607 3751 642 3801 ut
662 3759 866 3822 nequaquam
881 3738 922 3801 ad
938 3742 1200 3823 consequentiam
1224 3752 1374 3821 transeat,

418 3832 504 3921 qnod
527 3833 714 3916 simpliciter
738 3847 1018 3918 praesumpserunt.
1064 3839 1145 3908 Quis
1170 3840 1254 3901 euim
1279 3841 1371 3905 locus

417 3950 466 4004 est
487 3933 676 4013 fortitudini,
703 3934 730 3998 si
755 3936 801 3997 sic
828 3934 944 3998 taedeat
967 3939 1105 4000 animam
1130 3940 1205 4002 vitae
1232 3962 1309 4020 suae,
1334 3955 1371 4008 ut

417 4037 508 4125 quasi
529 4035 683 4121 patientia
705 4036 801 4109 victa,
825 4045 858 4099 et
879 4036 1014 4119 praecisa
1037 4038 1150 4102 semita
1173 4042 1368 4125 meritorum,

417 4141 503 4227 quod
517 4135 709 4225 praecipitur,
724 4151 778 4204 aut
791 4150 938 4225 nequeat,
955 4151 1010 4204 aut
1030 4141 1171 4226 negligat
1190 4145 1366 4212 sustinere?

416 4245 513 4329 Apud
524 4243 685 4328 sapientes
695 4244 741 4309 sic
751 4242 816 4309 vita
828 4244 1053 4326 contemnitur,
1065 4245 1152 4331 quod
1163 4250 1368 4332 turpitudinis
