3384 5234
336 697 407 743 one.
424 688 496 767 vm]
674 706 928 752 Potvcaarrcus.
1223 700 1286 757 <243

334 855 481 940 Denique
502 878 597 942 quem
621 858 829 943 superborum
856 858 961 944 legisti
987 882 1118 945 regnare
1144 859 1286 925 diutius?

333 956 455 1020 Eorum
471 979 608 1043 namque
620 958 674 1043 qui
686 981 743 1043 per
755 958 934 1044 superbiam
947 961 1140 1038 ceciderunt,
1152 959 1286 1025 historia

329 1058 456 1143 copiosa
471 1072 527 1123 est.
574 1060 641 1123 Nec
662 1072 768 1124 tamen
784 1072 916 1125 eatenus
937 1063 1120 1147 superbiam
1142 1065 1232 1138 vitet,
1249 1076 1285 1128 ut

332 1160 450 1227 incidat
465 1161 496 1225 in
513 1175 746 1247 contemptum:
770 1162 847 1247 quia
862 1162 943 1228 sicut
959 1165 1064 1244 elatio,
1075 1165 1120 1229 ita
1136 1177 1167 1229 et
1182 1165 1287 1250 abjec-

331 1262 376 1329 tio
390 1264 578 1328 declinanda
592 1276 649 1328 est.
695 1262 792 1327 Unde
806 1277 838 1328 et
853 1267 886 1329 in
903 1266 978 1350 jure
994 1267 1141 1331 Romano
1155 1279 1284 1332 cautum

332 1377 391 1443 est,
407 1378 444 1429 ut
464 1367 521 1449 qui
540 1367 595 1450 jus
611 1365 728 1446 reddit,
743 1387 775 1428 se
797 1365 928 1452 quidem
944 1368 981 1431 in
1000 1368 1149 1432 adeundo
1163 1367 1285 1432 facilem

328 1466 482 1552 praebeat,
508 1468 665 1531 contemni
695 1480 799 1532 tamen
830 1490 894 1531 non
920 1470 1071 1554 patiatur.
1117 1469 1281 1535 Mendetis

330 1589 459 1652 quoque
474 1566 633 1652 adjicitur,
648 1591 687 1631 ne
702 1566 859 1632 Praesides
874 1570 1107 1654 provinciarum
1124 1571 1156 1634 in
1176 1570 1283 1636 ulteri-

329 1692 415 1733 orem
438 1670 684 1735 familiaritatem
707 1670 916 1756 provinciales
938 1673 1120 1754 admittant,
1134 1698 1172 1739 eo
1194 1674 1283 1760 quod

330 1795 369 1836 ex
386 1773 622 1837 conversatione
641 1772 754 1859 aequali
769 1775 964 1860 contemptio
986 1776 1135 1841 nascitur.
1181 1779 1282 1841 Vene-
1334 1817 1336 1821 ·

328 1886 418 1939 retur
440 1898 516 1960 ergo
530 1874 562 1937 in
587 1874 713 1961 publico
729 1876 840 1961 populi
863 1880 1070 1963 majestatem,
1087 1892 1118 1945 et
1140 1880 1226 1965 apud
1250 1904 1283 1944 se

331 1979 466 2064 privatae
492 1977 680 2042 conditionis
705 1991 825 2044 statum
852 1980 973 2066 pariter
999 1981 1162 2048 metiatur.
1209 1987 1283 2048 Hoc

329 2082 433 2164 ipsum
450 2078 591 2163 antiquis
605 2078 870 2165 Philosophorum
887 2081 1086 2147 documentis
1101 2082 1280 2147 faciendum

328 2203 469 2266 agnosce.
510 2180 560 2243 Ad
576 2179 807 2264 Philosophum
825 2182 985 2258 Taurum,
1002 2184 1143 2249 Athenas
1159 2184 1278 2249 visendi

327 2281 602 2366 cognoscendique
627 2281 697 2366 ejus
718 2280 831 2365 gratia,
856 2295 1012 2347 venerunt
1034 2284 1153 2369 pariter
1175 2287 1281 2351 Cretae

328 2382 500 2467 provinciae
512 2404 640 2469 praeses,
652 2393 683 2445 et
699 2393 790 2467 pater
805 2382 885 2468 ejus,
898 2381 951 2445 sed
964 2384 1118 2467 privatus.
1142 2387 1281 2451 'Taurus

328 2482 660 2568 venientibusplacide
669 2482 854 2562 assurrexit,
865 2483 1044 2569 reseditque
1053 2498 1125 2569 post
1135 2499 1279 2552 mutuam

327 2584 561 2649 salutationem.
613 2583 724 2647 Allata
752 2597 799 2647 est
829 2604 903 2645 mox
935 2605 999 2645 una
1028 2584 1115 2664 sella,
1145 2609 1218 2670 quae
1248 2588 1279 2650 in

325 2699 477 2771 promptu
494 2697 573 2761 erat,
589 2696 621 2748 et
637 2684 714 2747 dum
730 2683 800 2746 aliae
816 2683 1045 2767 promebantur
1060 2686 1206 2769 apposita
1221 2699 1278 2752 est.

327 2786 481 2851 Invitavit
506 2809 582 2869 ergo
609 2787 739 2850 Taurus
762 2796 885 2870 patrem
912 2785 1056 2870 praesidis
1083 2799 1119 2851 ut
1146 2790 1279 2853 sederet.

326 2889 374 2951 At
389 2886 453 2962 ille,
471 2886 585 2951 Sedeat
605 2886 657 2949 hic
677 2885 785 2973 potius
803 2890 860 2970 qui
874 2886 986 2972 populi
1007 2889 1145 2951 Romani
1165 2890 1280 2974 magis-

325 3001 429 3052 tratus
458 3000 514 3053 est.
561 2989 694 3077 Absque
722 2987 921 3074 praejudicio,
948 2988 1054 3074 inquit
1081 2988 1218 3070 Taurus,
1241 3008 1277 3055 tu

324 3092 445 3156 interea
460 3091 543 3170 sede,
553 3091 630 3155 dum
646 3090 857 3176 conspicimus
866 3092 1105 3177 quaerimusque
1117 3091 1195 3177 quid
1206 3115 1279 3157 con-

325 3195 439 3273 veniat,
455 3204 525 3258 tene
539 3193 647 3279 potius
662 3192 771 3257 sedere
786 3193 841 3279 qui
858 3205 948 3279 pater
963 3216 1015 3267 es3
1047 3215 1087 3256 an
1103 3194 1204 3258 filium
1221 3196 1278 3279 qui

321 3296 405 3381 gerit
420 3295 556 3360 Romani
568 3295 679 3382 populi
694 3294 940 3379 magistratum?
964 3296 1071 3371 Quum
1087 3306 1178 3380 pater
1193 3318 1275 3359 asse-

322 3398 432 3474 disset,
455 3396 701 3482 appositumque
726 3408 807 3460 esset
833 3395 921 3459 aliud
951 3395 1028 3476 filio,
1055 3418 1150 3482 super
1179 3420 1215 3459 ea
1243 3421 1276 3462 re

324 3503 454 3566 Taurus
484 3500 544 3579 his,
574 3498 630 3584 qui
665 3510 887 3577 convenerant,
917 3498 1050 3561 verbum
1085 3499 1171 3574 fecit,
1203 3522 1274 3565 cum

322 3626 445 3669 summa
459 3602 547 3682 boni,
562 3604 660 3687 aequi,
671 3601 827 3665 bonorum
839 3613 938 3684 atque
952 3599 1126 3665 officiorum
1143 3625 1277 3689 perpen-

322 3703 451 3770 satione.
497 3706 618 3767 Eorum
643 3701 813 3765 verborum
838 3699 993 3763 sententia
1019 3700 1088 3763 haec
1111 3700 1177 3763 fere
1201 3704 1275 3768 fuit.

320 3811 358 3871 In
374 3804 511 3892 publicis
533 3803 621 3882 locis,
636 3816 732 3888 atque
753 3800 939 3866 muneribus
961 3815 1089 3886 patrum
1108 3803 1185 3887 jura
1200 3827 1275 3868 cum

320 3897 456 3973 filiorum
467 3908 525 3995 qui
535 3911 566 3973 in
577 3906 766 3990 magistratu
776 3916 833 3968 aut
843 3904 1057 3990 potestatibus
1067 3904 1276 3985 suntcollata,

316 4012 559 4097 interquiescere
574 4021 607 4072 et
621 4008 753 4094 paulum
769 4010 946 4071 connivere.
986 4007 1048 4069 Sed
1065 4030 1165 4092 quum
1180 4021 1272 4071 extra

319 4114 546 4197 rempublicam
576 4112 609 4176 in
640 4109 858 4186 domesticare,
887 4122 985 4193 atque
1019 4108 1084 4173 vita
1113 4110 1272 4187 sedeatur,

317 4214 509 4291 ambuletur,
525 4216 557 4277 in
574 4213 718 4277 convivio
733 4233 864 4297 quoque
879 4211 1097 4276 discumbatur
1112 4210 1272 4290 familiari,

318 4327 394 4379 tunc
416 4314 498 4378 inter
520 4307 619 4379 filium
642 4318 875 4399 magistratum,
898 4325 931 4376 et
952 4323 1075 4395 patrem
1098 4311 1272 4395 privatum,

770 4424 825 4479 RQ
