3384 5234
414 700 474 767 152
655 715 791 761 somnus
806 712 1086 760 smusnunrsusrs
1225 695 1309 774 [ern.
1325 712 1362 757 11.

413 888 563 942 errorem,
585 866 641 953 qui
663 865 704 929 ad
727 865 930 929 minuendam
954 863 1134 928 daemonum
1160 874 1363 948 potestatem,

415 967 503 1033 etad
520 966 772 1043 distrahendum,
789 966 876 1052 quod
893 967 1011 1030 babent
1026 988 1099 1029 cum
1114 965 1252 1038 homine,
1273 963 1366 1028 fami-

416 1067 562 1133 liaritatis
583 1068 806 1133 commercium
829 1066 969 1132 instituti
991 1078 1077 1143 sunt,
1099 1080 1271 1152 carentque
1292 1086 1366 1151 pro-

416 1166 495 1253 prioe
512 1167 640 1233 virtutis
658 1165 783 1247 effectu,
798 1166 856 1230 nisi
879 1166 912 1230 in
932 1165 1034 1250 digito
1055 1165 1116 1230 Dei
1136 1165 1365 1230 convalescant.

415 1271 516 1333 Porro
538 1268 669 1354 spiritus
691 1280 818 1333 sanctus
839 1268 1017 1353 disciplinae
1039 1268 1151 1350 effugit
1173 1267 1304 1339 fictum;
1331 1276 1367 1328 et·

413 1392 530 1455 corpus
552 1372 691 1456 peccatis
713 1369 889 1443 subditum,
912 1370 962 1433 sui
984 1392 1051 1433 csse
1072 1368 1290 1434 habitaculum
1311 1366 1366 1430 de-

413 1468 574 1556 dignatur.
609 1470 771 1557 Quicquid
786 1493 860 1533 vero
874 1469 1058 1557 hujusmodi
1073 1482 1200 1555 agatur,
1215 1466 1363 1531 fictitium

413 1583 461 1637 est
480 1583 512 1636 et
534 1572 781 1657 phantasticum,
803 1584 835 1636 et
856 1570 999 1636 veritatis
1021 1569 1231 1635 substantiam
1254 1566 1363 1631 nescit.

414 1672 551 1737 Videtur
565 1673 694 1759 quidem
710 1672 829 1751 adesse,
843 1671 919 1736 dum
937 1671 1085 1758 precibus
1098 1683 1130 1736 et
1150 1668 1364 1734 oblationibus

413 1774 591 1851 invocatur,
615 1787 646 1839 et
668 1774 783 1837 effectu
805 1771 995 1858 petitionum
1023 1783 1244 1858 persequente,
1269 1768 1365 1833 sacri·

414 1873 520 1959 legum
537 1875 671 1940 errantis
686 1874 799 1939 animae
814 1873 1006 1937 desiderium
1023 1872 1227 1958 adimpletur.
1263 1871 1363 1936 Abest

413 1988 519 2039 autem
543 1988 607 2038 tom
633 1974 735 2058 longe,
754 1987 791 2038 ut
814 1974 979 2037 subtracta
1000 1973 1103 2037 tutela
1124 1974 1186 2049 sui,
1207 1995 1364 2057 eosquos

412 2074 545 2159 perfidia
560 2085 650 2137 tanta
668 2074 822 2156 exagitat,
839 2074 935 2135 variis
955 2071 1225 2136 ludificationibus
1246 2071 1365 2136 daemo-

413 2196 500 2252 num,
516 2173 600 2237 trahi
616 2172 769 2236 sustineat
784 2172 825 2235 ad
845 2172 1033 2255 gehennam.
1080 2174 1120 2235 Se
1142 2171 1299 2257 siquidem
1321 2173 1363 2236 ad

412 2273 596 2357 hujusmodi
612 2271 734 2357 flagitia
745 2273 913 2358 prohibuit
927 2272 1055 2336 invitari
1071 2271 1201 2357 publica
1213 2294 1289 2335 voce
1299 2273 1362 2337 Ec-

410 2373 524 2453 clesiae,
538 2373 691 2437 adversus
706 2396 802 2459 quarn
818 2394 877 2437 nec
892 2385 993 2459 portae
1003 2372 1115 2437 inferni
1132 2373 1364 2458 praevalebunt.

411 2478 518 2555 Quum
534 2498 611 2561 ergo
628 2475 874 2561 Spiritussancti
884 2476 1000 2561 gretie,
1011 2475 1185 2540 auctoritas
1197 2476 1361 2553 Ecclesiae,

410 2577 597 2664 improbatis
620 2576 819 2642 subtrahitur
841 2576 1034 2654 exorcismis,
1058 2578 1113 2664 qui
1140 2578 1185 2641 eis
1207 2600 1270 2641 non
1296 2592 1361 2643 tam

411 2691 550 2744 utuntur
564 2701 661 2765 quam
676 2679 866 2755 abutuntur,
881 2678 1057 2743 offendunt·
1071 2680 1103 2742 in
1119 2679 1278 2764 spiritum,
1294 2703 1361 2765 quo

411 2780 588 2857 recedente,
611 2781 681 2867 ejus
704 2780 764 2844 sibi
788 2780 935 2846 nituntur
961 2780 1112 2847 virtutem
1139 2794 1170 2846 et
1192 2780 1361 2847 efficaciam

411 2883 556 2945 retinere.

412 3139 490 3221 Cap.
515 3140 566 3203 28.
606 3141 659 3203 De
683 3141 884 3221 speculortia,
905 3148 936 3204 et
961 3141 1047 3222 quod
1067 3143 1204 3223 molloni
1225 3143 1363 3223 spiritus

452 3242 615 3304 interdum
627 3244 754 3329 sutura
775 3248 992 3323 pranderunt,
1010 3250 1041 3305 et
1058 3242 1097 3304 de
1110 3243 1287 3305 subtilitate
1301 3263 1361 3304 no·

454 3350 548 3419 ture,
564 3353 596 3406 et
615 3346 711 3421 lorsqu
731 3346 932 3423 coperiantta'
951 3347 1109 3425 temporis,
1125 3354 1158 3407 et
1169 3347 1361 3407 revelatione

452 3447 652 3526 superiorum
661 3451 864 3523 potestatum,
876 3453 908 3509 et
918 3448 1004 3529 quod
1011 3468 1095 3528 sepe
1109 3447 1284 3528 deripiunt,
1300 3451 1361 3510 out

452 3547 652 3626 decipientes,
675 3550 734 3606 aut
759 3545 891 3628 decepti,
915 3554 945 3610 et
966 3548 1050 3629 quod
1068 3552 1262 3630 speculariam
1276 3550 1361 3611 niolo

454 3646 638 3707 indubitato
654 3652 842 3725 sequuntur.

453 3776 611 3839 Frusrnn
640 3774 698 3837 sibi
726 3776 892 3861 specularii
915 3779 1135 3861 blandiuntur,
1161 3779 1248 3865 quod
1278 3778 1358 3843 nihil

408 3876 584 3950 immolant,
611 3875 691 3940 nulli
718 3891 843 3959 nocent,
870 3881 986 3967 saepius
1009 3896 1142 3966 prosunt
1169 3880 1247 3944 dum
1270 3881 1359 3945 furta

409 3978 573 4062 detegunt,
594 3978 754 4042 maleficiis
774 3994 913 4065 purgant
935 3984 1056 4059 orbem,
1072 3997 1103 4047 et
1127 3981 1224 4046 solam
1247 3981 1357 4046 utilem

408 4093 465 4145 aut
480 4080 683 4143 necessariam
700 4094 857 4167 appetunt
875 4084 1051 4148 veritatem.
1097 4084 1170 4146 Non
1191 4082 1235 4147 sic
1256 4081 1357 4168 impii,

407 4204 469 4245 non
486 4181 538 4244 sic.
584 4179 644 4257 Qui
662 4203 723 4243 non
739 4179 871 4267 colligit,
886 4184 1004 4269 inquit,
1021 4207 1157 4261 mecum,
1176 4181 1354 4268 dispergit3

407 4296 438 4350 et
454 4283 511 4371 qui
527 4305 587 4346 non
604 4299 651 4347 est
666 4304 801 4359 mecum,
817 4298 927 4347 contra
942 4307 991 4347 me
1006 4297 1063 4349 est.
1098 4289 1185 4350 Dum
1202 4284 1271 4353 haec
1288 4288 1356 4351 Do·
1419 4370 1422 4379 Ι
