3384 5234
380 662 450 710 car.
465 644 526 723 va]
726 659 986 705 eonrcnarrcns.
1291 647 1332 705 7³

378 811 527 889 donibus,
558 834 596 875 ue
627 811 677 877 cui
706 811 790 877 for-te
819 812 903 876 intra
931 809 1086 895 gremium
1116 808 1178 876 cibi
1208 808 1331 895 aliquid

377 913 545 978 desideret.
599 913 669 977 Alii
698 916 793 978 etiam
824 937 883 998 per
911 911 1049 975 inediam
1077 910 1212 987 hiantes,
1242 909 1331 975 velut

376 1014 479 1079 rabidi
508 1038 611 1095 canes,
640 1015 704 1079 huc
734 1028 833 1101 atque
864 1014 927 1079 huc
955 1013 1151 1091 ferebantur,
1177 1025 1209 1077 et
1240 1014 1332 1098 quasi

376 1115 497 1179 insania
535 1114 675 1201 quadam
705 1108 871 1201 exagitati,
900 1115 933 1177 iu
963 1112 1089 1177 easdem
1119 1112 1240 1192 domos,
1270 1112 1331 1178 sub

377 1231 538 1288 momento
553 1218 715 1302 temporis,
730 1218 847 1282 iterum
862 1239 898 1280 ac
911 1215 1028 1301 saepius
1043 1214 1217 1280 irruebant.
1254 1216 1331 1279 Om-

378 1323 430 1385 nia
453 1331 558 1385 tamen
581 1319 750 1383 necessitas
773 1318 918 1383 vertebat
944 1316 975 1380 in
1002 1316 1120 1394 cibum,
1142 1316 1238 1380 etiam
1263 1314 1329 1392 illa,

378 1446 449 1509 quae
475 1446 514 1486 ne
539 1420 637 1485 mutis
666 1420 794 1508 quidem
821 1418 1011 1484 animalibus
1035 1419 1127 1483 edere
1154 1440 1231 1483 usus
1257 1416 1330 1487 fuit.

377 1523 433 1586 Ad
456 1522 604 1587 ultimum
627 1546 666 1586 ue
689 1523 764 1588 loris
785 1522 928 1609 quidem,
944 1522 994 1584 vel
1016 1521 1160 1606 cingulis,
1174 1533 1230 1584 aut
1253 1518 1330 1606 ipsis

376 1623 787 1689 calciamentisabstinuere.
823 1623 1329 1708 Scotorumquoqueindumenta

376 1725 590 1804 detrahentes,
612 1725 806 1789 conficienda
828 1724 979 1788 dentibus
1000 1724 1196 1808 ingerebant.
1241 1725 1329 1787 Non·

376 1827 456 1890 nulli
486 1839 518 1891 et
546 1827 624 1890 foeni
654 1827 769 1892 veteris
798 1827 937 1892 festucas
965 1826 1113 1903 edebant,
1141 1825 1196 1891 sed
1226 1838 1258 1891 et
1288 1825 1328 1890 de

375 1930 557 2017 quisquiliis
583 1928 722 1995 collectis
751 1930 973 2016 parvissimum
1004 1930 1141 2014 pondus,
1168 1928 1327 2001 drachmis

375 2044 514 2124 quatuor
529 2031 759 2097 distrahebant.
851 2098 854 2106 ,

372 2305 449 2390 Cap.
463 2310 493 2368 6.
516 2278 569 2377 De
579 2308 704 2383 Morio,
715 2326 801 2389 quae,
812 2314 948 2387 urgente
954 2308 1057 2391 fame,
1067 2308 1323 2393 comeditfilium.

417 2439 484 2504 Sao
507 2441 585 2526 quid
612 2464 695 2527 opus
721 2454 768 2506 est
793 2462 850 2526 per
877 2439 944 2503 haec
970 2439 1096 2525 pondus
1121 2440 1214 2505 famis
1238 2441 1324 2507 illius

373 2540 548 2623 explicare3
581 2565 680 2628 quum
696 2555 821 2627 gestum
845 2541 886 2607 sit
900 2543 946 2607 ibi
963 2543 1098 2619 facinuS,
1113 2542 1200 2626 quod
1222 2565 1324 2629 neque

371 2643 458 2727 apud
486 2645 630 2724 Graecos,
657 2667 760 2731 neque
787 2644 874 2730 apud
905 2644 1067 2723 barbaros,
1092 2642 1178 2707 ullus
1202 2646 1323 2729 accepit

371 2745 525 2810 auditus?
563 2748 757 2812 horrendum
793 2746 925 2833 quidem
964 2746 1063 2828 dictu,
1095 2744 1208 2814 auditu
1248 2769 1324 2810 vero

371 2846 564 2912 incredibile.
610 2848 773 2935 Equidem
796 2849 933 2913 libenter
955 2861 1019 2913 tam
1041 2848 1178 2912 immane
1199 2846 1323 2914 facinus

371 2948 538 3030 siluissem,
561 2953 695 3037 nequis
718 2975 767 3015 me
790 2950 931 3014 crederet
959 2964 1158 3014 monstruosa
1183 2972 1321 3025 narrare,

371 3050 431 3115 nisi
456 3052 575 3116 multos
600 3054 759 3118 memoriae
788 3065 905 3117 nostrae
931 3052 1015 3115 viros
1044 3064 1140 3115 testes
1164 3051 1322 3115 commissi

369 3152 495 3218 sceleris
524 3154 715 3221 habuissem.
768 3159 870 3220 Porro
901 3177 975 3217 vero
1013 3176 1053 3215 ne
1082 3151 1205 3238 aliquid
1243 3174 1321 3217 meae

370 3257 488 3339 Patriae
514 3268 666 3343 praestare
692 3282 742 3323 me
772 3258 919 3334 arbitrer,
946 3256 972 3320 si
998 3254 1182 3321 subtraham
1209 3275 1320 3318 eorum

369 3359 477 3438 verba,
498 3381 636 3445 quorum
663 3361 797 3445 pertulit
822 3361 919 3425 facta.
964 3358 1085 3423 Mulier
1109 3358 1258 3444 quaedam
1280 3380 1320 3421 ex

370 3457 430 3533 his,
447 3482 518 3543 quae
533 3460 617 3523 ultra
640 3461 789 3526 Jordauis
804 3462 932 3526 alveum
947 3460 1198 3535 commanebant,
1215 3457 1321 3522 Maria

367 3559 503 3637 nomine,
516 3560 661 3625 Eleazari
676 3562 752 3644 filia,
763 3562 803 3627 de
819 3563 888 3628 rico
900 3564 1103 3640 Hebezobra,
1120 3560 1207 3648 quod
1223 3561 1320 3626 inter·

367 3675 513 3748 pretatur
534 3664 651 3729 domus
666 3666 778 3750 Ysopi,
792 3688 907 3751 genere
922 3679 955 3731 et
969 3665 1177 3732 facultatibus
1195 3663 1320 3743 nobilis,

367 3788 439 3830 cum
455 3763 579 3851 reliqua
592 3766 810 3844 multitudine,
823 3791 897 3853 quae
912 3753 1120 3847 confluxerat,
1137 3766 1320 3850 Hierosoly-

368 3869 428 3931 mis
456 3880 592 3953 reperta,
620 3891 821 3933 communem
860 3893 932 3933 cum
962 3870 1110 3934 omnibus
1146 3867 1320 3932 obsidionis

367 3992 471 4034 casum
498 3970 631 4035 ferebat.
677 3972 786 4056 Hujus
815 3971 955 4057 reliquas
984 3972 1113 4058 quidem
1140 3970 1319 4047 facultates,

367 4092 447 4155 quas
468 4072 564 4135 domo
579 4070 610 4134 in
628 4072 740 4136 urbem
756 4087 958 4152 convexerat,
974 4072 1101 4159 tyranni
1123 4074 1276 4144 invasere,
1292 4070 1318 4133 si

366 4173 443 4257 quid
460 4196 536 4237 vero
557 4172 765 4259 reliquiarum
782 4197 823 4238 ex
847 4175 970 4258 magnis
985 4174 1100 4257 opibus
1114 4173 1229 4245 fuerat,
1247 4172 1318 4256 qui·
1354 4216 1356 4220 -

367 4278 427 4342 bus
440 4278 558 4343 victum
575 4276 797 4361 quotidianum
811 4289 996 4362 pertenuem
1009 4276 1151 4353 duceret,
1160 4274 1317 4336 irruentes
