3384 5234
427 669 487 728 196
689 680 825 725 Joavurs
841 680 1116 727 sanasaaarmvsrs
1222 662 1304 742 [trs.
1323 686 1377 730 111.

431 832 518 918 quod
541 856 581 897 ex
603 834 800 916 Evangelica
820 835 921 897 habes
940 834 1082 910 historia,
1096 835 1254 898 salubrius
1275 837 1385 900 incau-

430 947 495 999 turn
512 947 543 998 et
557 936 715 1019 perfidum
728 935 874 999 solvisset
882 937 1109 1019 juramentum,
1119 957 1218 1019 quam
1232 937 1266 998 in
1278 938 1383 1000 extin-

429 1037 558 1116 guenda
571 1038 703 1099 lucerna
718 1036 815 1112 verbi,
830 1034 1003 1098 auferendo
1017 1036 1249 1117 praeambnlum
1265 1038 1384 1119 gratiae,

429 1138 568 1200 veritatis
579 1136 760 1200 occidendo
772 1156 965 1219 praeconem,
978 1156 1120 1197 mensam
1131 1137 1298 1218 pollueret,
1308 1159 1386 1200 con·

428 1234 547 1296 rivium
575 1235 753 1310 incestaret,
782 1233 903 1315 regiam
933 1233 1146 1314 pessundaret
1175 1234 1384 1319 majestatem,

428 1333 504 1397 dum
526 1336 664 1398 incestui
686 1347 801 1398 cuncta
823 1334 973 1407 serviunt,
996 1344 1029 1397 et
1050 1337 1271 1419 obtemperant
1291 1340 1384 1405 salta-

426 1437 507 1500 trici.
537 1437 659 1499 Ethica
674 1436 805 1521 quidem
816 1436 928 1515 regula
938 1447 1001 1499 est:
1018 1437 1095 1520 quia
1108 1458 1174 1500 non
1190 1440 1298 1502 omnia
1308 1452 1384 1504 sunt

426 1560 554 1622 semper
578 1538 735 1620 promissa
761 1535 933 1612 solvenda3
967 1538 992 1599 si
1019 1537 1100 1601 forte
1129 1552 1185 1602 aut
1210 1553 1381 1623 accepturo

427 1641 593 1713 damnosa,
623 1650 678 1703 aut
705 1639 886 1721 perniciosa
911 1638 976 1701 sint
1004 1640 1210 1722 promittenti.
1256 1643 1300 1705 Et
1328 1645 1382 1707 lex

427 1743 576 1807 amicitiae
590 1742 645 1804 illa
660 1741 836 1823 praevaluit,
852 1762 917 1824 qua
931 1741 1000 1803 sola
1017 1741 1154 1805 honesta
1168 1744 1236 1827 peti
1250 1745 1326 1808 licet
1340 1746 1380 1809 ab

426 1845 538 1908 amicis
559 1851 613 1906 aut
626 1842 704 1904 fieri.
750 1842 891 1924 ipsoque
907 1840 981 1924 jure
1003 1851 1134 1905 cautum
1157 1856 1214 1922 est,
1236 1854 1272 1907 ut
1294 1847 1381 1909 nulla

424 1943 605 2028 promissio,
631 1964 701 2026 quae
728 1951 852 2025 turpem
878 1952 934 2004 aut
961 1942 1081 2006 tristem
1106 1944 1223 2008 babeat
1246 1945 1380 2025 exitum,

423 2047 601 2129 impleatur.
645 2044 811 2106 Postremo
838 2042 1035 2107 antecedens
1060 2045 1241 2126 promissio,
1265 2068 1379 2111 conse-

425 2148 553 2229 quentis
578 2144 728 2208 beneficii
752 2146 885 2225 gratiam
909 2157 963 2208 aut
985 2145 1154 2227 extinguit,
1177 2155 1232 2208 aut
1252 2147 1376 2211 minuit.

422 2250 470 2311 Et
490 2248 571 2310 sicut
587 2247 707 2331 jacula,
727 2267 799 2328 quae
822 2246 1046 2329 praevidentur,
1068 2247 1184 2309 feriunt
1206 2246 1323 2323 minus,
1346 2260 1379 2312 et

419 2372 494 2435 quae
509 2349 640 2412 omnino
655 2370 719 2410 non
735 2361 956 2430 praecaventur
971 2348 1071 2429 magis
1086 2347 1218 2428 laedunt,
1232 2349 1279 2412 ita
1293 2360 1326 2413 et
1340 2350 1375 2414 in

419 2450 590 2515 beneficiis
606 2449 691 2534 quod
708 2470 749 2512 ex
765 2450 977 2531 promissione
991 2460 1182 2533 conceptum
1196 2458 1258 2524 est,
1271 2451 1377 2514 minus

420 2552 588 2636 accipitur,
603 2562 635 2614 et
655 2552 741 2635 quod
763 2573 805 2615 ex
827 2552 988 2635 insperato
1009 2552 1166 2635 provenit,
1187 2552 1306 2634 gratius
1328 2575 1381 2617 ac-

418 2664 575 2737 captatur.
619 2654 713 2716 Licet
727 2653 812 2715 enim
835 2652 924 2715 nuda
943 2651 1114 2735 promissio
1137 2651 1224 2735 apud
1238 2652 1329 2735 juris,
1344 2663 1382 2716 ut

419 2754 552 2827 dicitur,
566 2755 687 2837 peritos
701 2775 766 2815 non
783 2753 886 2835 pariat
907 2753 1076 2828 actionem,
1092 2749 1263 2835 promissor
1276 2754 1380 2816 omnis

421 2856 509 2940 apud
530 2856 691 2919 veritatem
715 2853 759 2931 (ut
782 2853 847 2916 dici
871 2855 960 2933 solet)
985 2854 1137 2936 pollicem
1159 2854 1242 2929 fixit,
1258 2866 1290 2918 et
1305 2854 1378 2939 jure

420 2956 508 3019 civili
526 2964 680 3031 cessante,
701 2952 778 3016 fidei
796 2953 983 3015 naturaliter
1006 2953 1172 3034 obligatur.
1218 2954 1284 3018 Sed
1304 2957 1377 3038 quis

419 3070 507 3122 actor
527 3056 637 3119 durius
652 3063 737 3137 aget,
764 3075 859 3137 quam
876 3053 968 3131 fides,
994 3054 1022 3116 si
1036 3055 1108 3138 ipsa
1123 3056 1257 3136 coeperit
1282 3077 1377 3119 accu-

420 3158 510 3224 sare?
539 3158 573 3222 si
589 3158 655 3240 agit
669 3156 876 3228 conscientia,
893 3155 966 3238 quis
982 3153 1148 3219 absolvet?
1172 3155 1277 3232 Certe,

523 3279 650 3351 Exemplo
662 3280 831 3348 quodcunque
843 3278 912 3331 malo
925 3279 1104 3343 committitur,
1116 3278 1167 3349 ipsi

524 3365 652 3437 Displicet
665 3365 772 3429 auctori,
783 3365 868 3436 prima
880 3369 920 3417 est
932 3364 988 3416 boec
999 3363 1073 3429 ultio,
1085 3363 1153 3431 quod
1165 3380 1194 3415 se

519 3452 624 3516 Judice,
636 3468 712 3502 nemo
724 3468 818 3503 nocens
831 3450 979 3502 absolvitur.

416 3566 452 3630 Si
468 3586 541 3627 vero
557 3566 628 3648 ipsa
637 3564 806 3648 justificat,
822 3564 896 3647 quis
912 3562 1127 3627 condemnat?
1158 3564 1371 3629 Proculdubio

417 3667 472 3749 qui
488 3667 521 3727 in
542 3666 599 3727 illo
614 3667 743 3727 timetur
758 3665 903 3737 articula,
920 3664 1080 3727 Dominus
1103 3675 1163 3739 est,
1178 3666 1234 3728 ubi
1257 3676 1289 3728 et
1304 3666 1374 3730 dies

414 3767 628 3833 contemnitur
642 3768 811 3843 humanus,
822 3778 855 3829 et
870 3766 1067 3829 conscientia
1080 3765 1165 3849 quod
1179 3768 1373 3849 obloquatur

413 3891 478 3931 non
493 3868 624 3931 invenit.
671 3868 706 3930 Si
727 3888 801 3930 vero
816 3867 955 3929 animam
977 3879 1131 3930 accusant
1146 3888 1254 3949 opera,
1269 3878 1301 3931 et
1322 3869 1372 3933 illi

417 3969 615 4034 conscientia
631 3969 720 4032 testis
735 3968 866 4044 assistit,
881 3979 912 4029 et
927 3989 1057 4030 causam
1074 3968 1189 4032 veritas
1209 3970 1374 4033 examinet

416 4072 586 4154 aequitatis,
603 4070 675 4154 quis
696 4089 805 4153 quaeso
828 4070 949 4132 Praetor
964 4070 997 4131 in
1018 4091 1116 4147 ream,
1132 4072 1372 4155 obnoxiamque

412 4171 580 4235 mendacio
597 4171 721 4251 gravius
745 4168 941 4233 vindicabit?
973 4171 1058 4233 Sane
1074 4173 1195 4235 Praetor
1218 4173 1278 4236 etsi
1298 4174 1369 4236 viva

415 4294 478 4336 vox
488 4270 570 4354 juris
582 4293 651 4334 esse
669 4271 802 4342 dicatur,
816 4272 1001 4334 sententiam
1019 4272 1088 4355 ejus
1104 4273 1217 4336 veritas
1229 4275 1367 4356 plerum-
