3384 5234
335 707 404 751 car.
420 692 494 766 vn]
669 704 927 752 ronrcnamcus.
1226 692 1287 751 241

335 857 526 943 quibusdam
550 857 628 921 dum
651 856 841 937 allevantur,
864 856 994 944 dejectis
1017 868 1047 919 et
1064 854 1209 920 miserius
1229 857 1285 922 de-

330 960 479 1045 jiciendis
501 961 654 1045 scriptum
679 972 744 1023 est:
775 959 834 1024 Isti
857 968 1082 1043 regnaverunt,
1104 969 1136 1021 et
1158 980 1221 1021 non
1244 981 1286 1023 ex

335 1085 408 1137 me;
432 1063 589 1150 principes
609 1064 797 1137 extiterunt,
818 1074 851 1126 et
875 1084 935 1146 ego
954 1059 1112 1145 ignoravi,
1134 1072 1166 1123 et
1189 1058 1285 1124 alibi:

337 1166 500 1231 'senentes
512 1166 614 1250 legem
631 1163 809 1229 nescierunt
824 1162 1021 1249 sapientiam.
1067 1164 1197 1228 Timeat
1212 1185 1288 1247 ergo

337 1267 484 1353 princeps
505 1268 692 1343 Dominum,
707 1278 739 1331 et
755 1289 787 1330 se
802 1279 951 1353 prompto
964 1265 1146 1331 humilitate
1161 1264 1287 1341 mentis,

337 1382 369 1434 et
381 1372 435 1455 pia
446 1370 640 1435 exhibitione
648 1373 765 1455 operis,
773 1392 899 1434 servum
910 1369 1107 1456 profiteatur.
1130 1368 1289 1433 Dominus

338 1473 455 1536 etenim
486 1473 569 1537 servi
599 1473 748 1536 dominus
770 1484 828 1537 est.
885 1472 989 1536 Servit
1010 1471 1120 1556 itaque
1150 1469 1290 1534 Domino

339 1573 498 1660 princeps,
520 1575 596 1638 dum
620 1574 779 1639 conservis
800 1573 878 1653 suis,
907 1572 1043 1639 subditis
1072 1572 1189 1639 scilicet
1219 1573 1291 1653 sibi,

341 1675 477 1740 fideliter
499 1677 604 1740 servit.
649 1675 711 1742 sed
730 1688 761 1739 et
784 1676 958 1740 Dominum
981 1679 1087 1740 Deum
1110 1697 1178 1739 esse
1193 1697 1290 1759 agno-

341 1788 419 1854 scat,
435 1777 485 1841 cui
501 1799 563 1841 non
583 1778 657 1861 plus
672 1776 793 1841 timoris
808 1800 847 1841 ex
869 1779 1043 1864 majestate,
1064 1799 1160 1863 quum
1177 1776 1292 1841 amoris

342 1901 383 1943 ex
413 1880 531 1965 pietate
562 1878 778 1968 exhibendum
808 1892 869 1945 est.
916 1881 1013 1944 Pater
1038 1880 1155 1944 etenim
1177 1892 1237 1958 est,
1259 1890 1292 1943 et

344 1980 396 2045 cui
406 1981 656 2055 nullacreatura,
670 1979 770 2065 ipsius
780 1980 917 2045 faciente
923 1982 1046 2057 merito,
1058 2003 1174 2066 negare
1186 1992 1292 2067 potest

343 2083 521 2148 dilectionis
535 2086 694 2147 affectum.
740 2083 774 2149 Si
795 2104 882 2167 ergo,
898 2083 1016 2168 inquit,
1043 2082 1192 2147 dominus
1211 2105 1294 2158 sum,

342 2186 398 2251 ubi
413 2199 459 2249 est
476 2186 571 2250 timor
580 2207 687 2249 meus:
715 2184 747 2248 Si
762 2198 946 2271 patenum,
962 2186 1019 2249 ubi
1029 2197 1077 2249 est
1088 2188 1294 2250 amormeus?

343 2288 450 2353 Verba
464 2311 594 2374 quoque
608 2287 689 2373 legis
710 2287 919 2353 custodienda
934 2301 1019 2367 sunt,
1034 2288 1121 2374 quod
1137 2312 1176 2352 ex
1192 2286 1297 2373 primo

344 2390 466 2455 timoris
491 2391 606 2475 gradu,
633 2391 774 2477 quadam
800 2392 893 2477 quasi
916 2392 1073 2456 virtutum
1098 2391 1193 2468 scala,
1212 2390 1297 2454 felici

344 2492 487 2577 procedit
517 2485 655 2558 ascensu.
701 2493 850 2569 Dilectio,
880 2492 996 2578 inquit,
1026 2491 1123 2569 illius,
1153 2492 1299 2558 custodis

344 2596 452 2682 legum
474 2608 532 2671 est,
556 2596 634 2680 quia
663 2596 766 2660 omnis
788 2595 943 2681 sapientia
965 2595 1059 2659 timor
1084 2596 1215 2659 Domini
1239 2608 1296 2660 est.

345 2700 445 2762 Porro
462 2698 519 2783 qui
539 2700 630 2764 timet
651 2697 769 2777 Deum,
785 2699 878 2763 faciet
899 2700 992 2775 bons,
1009 2712 1040 2763 et
1064 2698 1120 2784 qui
1136 2699 1300 2763 continens

346 2812 394 2862 est
405 2799 552 2884 justitias,
573 2801 790 2886 apprehendet
812 2801 909 2880 iliam,
924 2814 957 2865 et
978 2801 1121 2866 obviabit
1142 2800 1186 2864 illi
1209 2801 1301 2887 quasi

348 2913 449 2963 mater
478 2899 657 2968 honorifica.
703 2904 767 2970 Sed
790 2927 864 2989 quae
888 2903 993 2979 verba,
1024 2902 1189 2988 diligentia
1212 2916 1301 2967 tanta

349 3002 527 3067 custodiet?
550 3004 674 3090 Utique
684 3028 759 3091 quae
770 3018 930 3092 praecepta
942 3014 1016 3069 sunt
1026 3005 1059 3067 in
1073 3005 1153 3090 iege,
1163 3018 1199 3069 ut
1213 3005 1302 3093 apud¹

351 3102 531 3190 Principem
557 3105 623 3169 iota
646 3107 695 3169 rel
710 3129 792 3191 apex
818 3106 898 3192 legis
918 3129 981 3171 non
1004 3106 1097 3170 cadat
1122 3108 1300 3181 interram,

350 3206 438 3290 quod
467 3228 529 3270 non
558 3206 612 3271 ille
641 3208 789 3294 propriis,
824 3208 874 3272 vel
904 3208 1051 3272 manibus
1086 3207 1300 3293 subjectorum

349 3307 497 3391 excipiat.
544 3310 626 3374 Sunt
641 3322 748 3374 autem
764 3321 924 3395 praecepta
939 3308 1100 3394 quasdam,
1115 3320 1300 3394 perpetuam

350 3409 501 3474 habentia
515 3411 742 3492 necessitatem,
757 3412 842 3498 apud
860 3434 969 3476 omnes
979 3424 1090 3497 gentes
1104 3409 1257 3494 legitima,
1269 3422 1302 3474 et

350 3534 424 3597 quae
438 3511 567 3575 omnino
581 3512 712 3598 impune
727 3513 807 3577 solvi
823 3536 886 3577 non
907 3526 1051 3599 possunt.
1097 3513 1184 3576 Ante
1200 3511 1302 3595 legem

351 3614 504 3699 sublege,
516 3612 576 3677 sub
586 3616 700 3699 gratia,
715 3638 823 3679 omnes
837 3615 890 3679 lex
902 3637 966 3679 una
974 3614 1182 3699 constringit:
1208 3614 1304 3688 Quod

351 3717 410 3782 tibi
425 3739 489 3781 non
505 3717 553 3781 vis
567 3717 647 3793 fieri,
664 3718 717 3783 alii
740 3741 781 3783 ne
796 3718 927 3790 feceris3
951 3731 983 3782 et
998 3716 1086 3803 quod
1104 3715 1162 3782 tibi
1178 3716 1226 3780 vis
1234 3717 1304 3780 fieri

350 3818 544 3897 faciendum,
566 3821 626 3885 hoc
648 3820 745 3884 facias
769 3820 850 3885 aliis.
913 3820 1092 3885 Procedant
1118 3841 1203 3883 nnnc
1219 3817 1306 3881 deal-

352 3921 477 3985 batores
500 3936 678 4006 potentum,
703 3937 880 4001 susurrent,
910 3935 966 3986 aut
983 3921 1009 3986 si
1031 3923 1091 3985 hoc
1105 3942 1219 4006 parum
1243 3932 1303 3995 est,

352 4021 481 4105 publice
504 4037 727 4107 praeconentur
752 4024 929 4109 principem
959 4043 1023 4086 non
1048 4045 1114 4086 esse
1140 4021 1203 4105 legi
1230 4021 1306 4084 sub·

348 4124 483 4206 jectum,
499 4137 531 4189 et
547 4124 633 4210 quod
649 4125 677 4187 ei
689 4125 805 4210 placet,
820 4146 882 4188 non
894 4123 990 4187 modo
998 4124 1030 4185 in
1043 4124 1118 4208 jure
1130 4121 1306 4185 secundum

353 4222 485 4287 formam
501 4226 663 4310 aequitatis
677 4225 853 4301 condendo,
876 4226 930 4289 sed
946 4223 1211 4311 qualitercunque
1226 4220 1307 4302 legis

355 4321 472 4386 babere
496 4326 647 4409 vigorem.
700 4332 822 4413 Regem
849 4348 944 4411 quem
969 4323 1049 4408 legis
1074 4322 1209 4386 nexibus
1232 4321 1306 4384 sub·

402 4444 473 4491 von.
490 4445 541 4491 111.
821 4448 844 4493 R
