3384 5234
428 688 492 746 244
673 696 812 741 scamus
835 694 1111 741 saansanarausrs
1241 676 1322 755 [ura.
1340 697 1384 741 rv.

428 851 571 938 publicos
583 848 718 913 honores
730 870 864 927 cessare,
873 850 1034 911 naturales
1045 860 1077 912 et
1088 847 1244 931 genuinos
1255 848 1382 913 exoriri.

428 954 502 1017 Hoc
527 972 669 1038 quoque,
695 949 799 1034 inquit
826 952 966 1022 Taurus,
991 948 1079 1034 quod
1103 948 1143 1013 ad
1167 971 1218 1012 me
1241 949 1383 1024 venistis,

427 1054 515 1141 quod
541 1075 626 1117 nunc
652 1052 824 1138 loquimur,
847 1049 937 1135 quod
963 1049 1003 1113 de
1028 1048 1139 1114 officiis
1163 1050 1383 1127 discertamus,

427 1160 554 1243 privata
568 1156 651 1220 actio
665 1166 723 1218 est.
754 1154 871 1238 Itaque
883 1165 918 1217 tu
935 1165 1026 1238 pater
1041 1166 1132 1219 utere
1142 1153 1193 1218 bis
1208 1153 1383 1219 honoribus

427 1258 529 1345 prius,
554 1257 673 1344 quibus
699 1276 830 1342 quoque
856 1254 965 1318 domui
990 1267 1104 1320 vestrae
1127 1270 1159 1320 te
1181 1255 1229 1321 uti
1245 1256 1382 1342 priorem

426 1359 530 1426 decet.
577 1359 658 1424 Haec
680 1380 757 1444 ergo
779 1356 1018 1441 magistratibus
1038 1357 1228 1441 generaliter
1252 1380 1384 1444 persua-

427 1458 533 1525 denda
558 1459 705 1536 arbitror,
733 1471 769 1523 ut
795 1458 827 1521 in
855 1456 1022 1544 splendore
1051 1458 1188 1543 publicae
1218 1459 1384 1545 dignitatis

426 1584 581 1627 memores
606 1561 669 1625 sint
693 1559 831 1646 propriae
857 1559 1057 1639 conditionis,
1083 1572 1115 1624 et
1143 1560 1188 1624 sic
1213 1561 1380 1629 attendant

426 1664 566 1752 propriae
581 1662 770 1728 conditionis
789 1673 920 1740 statum,
935 1674 972 1727 ut
986 1684 1048 1726 non
1071 1662 1281 1729 devenustent
1300 1666 1382 1749 pub-

427 1761 496 1827 lica
511 1759 678 1846 dignitatis
694 1758 848 1843 gradum
881 1758 925 1823 sic
939 1762 1034 1824 etiam
1050 1761 1157 1827 collati
1178 1763 1239 1827 sibi
1255 1764 1382 1831 honoris

427 1862 641 1949 integritatem
664 1875 801 1938 servent,
822 1873 858 1925 ut
878 1860 1012 1926 aliorum
1033 1884 1094 1927 non
1110 1856 1255 1930 minuant
1278 1866 1384 1953 digni·

427 1978 544 2031 tatem:
575 1964 666 2029 etsie
691 1966 814 2048 privata
835 1963 971 2049 quisque
993 1964 1111 2049 polleat
1133 1966 1313 2053 dignitate;
1347 1985 1382 2035 ut

428 2089 490 2131 non
506 2065 562 2129 fiat
577 2064 696 2148 injuria
710 2064 847 2148 publicae
863 2066 1024 2150 potestati.

430 2339 511 2424 Cap.
527 2342 558 2402 8.
583 2340 635 2403 De
650 2341 862 2403 moderatione
868 2342 1005 2421 justitia
1019 2349 1050 2404 et
1070 2340 1244 2406 clementia
1261 2346 1385 2426 princi-

468 2446 533 2523 pia,
558 2459 629 2521 quc
656 2440 832 2503 debentia
858 2442 962 2504 acad
985 2442 1160 2505 utilitatem
1186 2443 1382 2526 Reipublicca

471 2545 710 2625 contemperari.

472 2679 650 2742 Ossrmunr
666 2698 742 2761 ergo
757 2675 788 2739 in
805 2675 959 2761 principe,
974 2677 1062 2761 quod
1079 2678 1172 2744 debet
1188 2682 1219 2745 in
1235 2682 1384 2747 omnibus

428 2780 583 2854 obtinere,
595 2800 687 2841 nemo
699 2800 772 2863 quae
787 2800 845 2841 sua
855 2789 930 2841 sunt
940 2793 1075 2863 quaerat,
1088 2780 1142 2845 sed
1154 2804 1228 2867 quae
1237 2783 1382 2849 aliorum.

430 2884 645 2946 Veruntamen
675 2881 776 2967 ipsius
801 2880 976 2946 affectionis
1005 2882 1129 2963 modus,
1150 2906 1215 2971 quo
1243 2889 1385 2953 caritatis

429 2984 567 3052 brachiis
598 2983 758 3069 subjectos
788 2998 824 3047 ut
853 2984 970 3047 fratres
999 2984 1212 3071 amplexatur,
1242 2989 1385 3054 modera-

430 3086 525 3151 tionis
547 3084 705 3149 limitibus
727 3084 900 3149 clauditur.
945 3084 998 3152 Sic
1019 3085 1102 3149 enim
1130 3086 1245 3152 fratres
1266 3089 1384 3175 diligit,

430 3186 517 3273 quod
541 3207 661 3249 errores
681 3207 791 3248 eorum
813 3183 1042 3249 medicinaliter
1060 3187 1204 3272 corrigit,
1222 3190 1266 3253 sic
1286 3191 1319 3254 in
1339 3193 1385 3255 eis

429 3310 553 3352 carnem
580 3286 722 3371 agnoscit
748 3298 780 3349 et
807 3285 1004 3370 sangninem,
1027 3300 1064 3351 ut
1090 3311 1127 3352 ea
1152 3290 1283 3375 spiritus
1309 3294 1385 3358 sub·

425 3389 517 3476 jiciat
532 3388 656 3453 ditioni.
703 3386 904 3451 Medicorum
929 3388 1043 3474 utique
1059 3392 1256 3457 consuetudo
1270 3407 1330 3469 est,
1347 3409 1384 3461 ut

430 3493 569 3571 morbos,
585 3513 665 3577 quos
685 3489 835 3553 fomentis
850 3501 882 3553 et
904 3489 1077 3556 levioribus
1097 3493 1261 3561 medicinis
1275 3520 1385 3563 curare

431 3603 606 3677 nequeunt,
621 3590 822 3675 gravioribus
841 3590 1008 3668 adhibitis,
1023 3592 1098 3678 igne
1118 3608 1197 3681 puta
1220 3602 1271 3663 vel
1288 3599 1384 3676 ferro,

432 3705 553 3757 curent.
609 3697 677 3756 Nec
699 3715 838 3778 unquam
863 3705 999 3757 utuntur
1019 3695 1183 3779 gravibus,
1199 3698 1260 3762 nisi
1283 3722 1385 3783 quum

431 3794 549 3857 levium
565 3793 717 3856 beneficio
732 3793 911 3858 desiderata
926 3794 1042 3858 sanitas
1057 3794 1263 3881 desperatur:
1292 3800 1336 3864 sic
1351 3815 1383 3866 et

431 3907 572 3981 potestas
584 3915 683 3979 quum
695 3893 881 3960 inferiorum
895 3895 971 3960 vitia
983 3910 1148 3963 mansueta
1159 3921 1254 3963 manu
1271 3924 1385 3968 curare

432 4020 494 4062 non
511 3995 636 4071 sufficit,
652 4019 815 4082 poenarum
832 3996 1033 4061 acrimoniam
1053 3998 1163 4065 dolens
1178 4014 1260 4067 recte
1275 4004 1385 4069 vulne-

432 4099 522 4163 ribus
536 4096 687 4174 infundit,
704 4111 735 4163 et
751 4098 804 4182 pia
819 4097 1007 4163 crudelitate
1027 4100 1117 4165 saevit
1131 4101 1163 4165 in
1180 4102 1289 4179 malos,
1304 4104 1384 4169 dum

432 4204 586 4267 bonorum
599 4198 801 4289 incolumitas
811 4213 1012 4285 procuratur.
1039 4202 1102 4267 sed
1114 4203 1187 4288 quis
1198 4204 1264 4270 sine
1276 4205 1386 4272 dolore

431 4304 551 4391 proprii
568 4303 710 4387 corporis
721 4302 862 4365 membra
874 4303 975 4367 valuit
986 4311 1176 4391 amputare?
1200 4308 1296 4375 Dolet
1309 4334 1387 4397 ergo
