3384 5234
310 715 380 759 car.
397 698 483 776 vua]
660 712 914 757 aoaucnamous.
1197 696 1259 753 293

309 864 387 929 dari.
434 868 518 929 Nam
534 874 568 927 et
583 863 701 949 quietae
716 860 881 935 libertatis,
897 853 1032 944 justitiae
1047 859 1146 934 cultu,
1170 881 1259 923 reve-

308 965 411 1030 nentia
418 965 538 1049 legum,
550 964 822 1049 finitimarumque
831 962 976 1046 gentium
986 961 1143 1041 amicitiis,
1155 971 1259 1024 matu-

307 1066 399 1131 ritate
414 1067 628 1144 consiliorum‚
645 1078 678 1130 et
691 1065 846 1150 gravitate
861 1065 1041 1142 verborum,
1057 1075 1091 1128 et
1113 1084 1257 1148 operum,

306 1169 523 1247 obtinuerunt,
540 1182 577 1234 ut
590 1169 700 1233 orbem
717 1190 784 1231 suae
805 1166 999 1251 subjicerent
1022 1166 1146 1229 ditioni.
1194 1165 1258 1228 Sed

306 1271 438 1357 quiade
461 1272 638 1336 constantia
661 1292 772 1335 eorum
797 1269 963 1354 coepimus,
978 1290 1078 1333 unum
1100 1268 1141 1332 de
1169 1268 1257 1331 Stra·

266 1363 281 1386 ⁶
307 1374 521 1459 tegematibus
546 1373 624 1438 Julii
652 1371 807 1447 Frontini,
835 1394 893 1457 pro
921 1371 1031 1435 multis
1060 1367 1196 1456 ponatur
1223 1369 1257 1431 iu

307 1478 424 1544 medio.
471 1477 579 1552 Quum
596 1476 704 1562 itaque
720 1475 807 1539 urbis
822 1473 982 1538 moenibus
1006 1473 1170 1537 Hannibal
1185 1472 1259 1536 assi-

306 1577 407 1657 deret,
428 1579 625 1646 ostentaudae
646 1578 773 1643 fiduciae
793 1576 906 1662 gratia,
927 1577 1185 1662 supplementum
1206 1598 1259 1639 ex-

306 1681 468 1763 ercitibus,
490 1704 569 1769 quos
590 1682 623 1744 in
649 1680 805 1765 Hispania
825 1678 998 1755 habebant,
1020 1680 1144 1744 diversa
1167 1690 1257 1764 porta

306 1783 470 1851 miserunt.
529 1785 632 1849 Iidem
659 1806 771 1867 agrum
797 1774 918 1868 inquo
940 1793 1042 1847 castra
1066 1782 1257 1847 Hannibalis

307 1898 408 1968 erant,
430 1887 581 1951 defuncto
606 1886 687 1950 forte
713 1885 854 1964 domino,
876 1884 1021 1949 venalem
1044 1884 1140 1949 adid
1163 1884 1258 1972 pretii

305 1987 432 2054 licendo
449 1990 678 2076 perduxerunt,
695 2010 759 2075 quo
780 1987 808 2054 is
830 1981 1002 2070 ager'anta
1024 1980 1145 2052 bellum
1169 1989 1256 2053 veni-

305 2105 383 2157 erat.
431 2092 476 2157 Hi
491 2094 568 2157 dum
584 2094 625 2158 ab
643 2090 826 2156 Hannibale
843 2090 1040 2167 obsidentur,
1052 2104 1084 2155 et
1099 2090 1158 2175 ipsi
1174 2090 1256 2155 obsi-

304 2195 418 2260 derent
439 2196 594 2281 Capuam,
609 2196 821 2260 decreverunt
843 2216 884 2257 ue
906 2193 967 2258 nisi
989 2217 1027 2259 ea
1049 2205 1152 2280 capta,
1168 2215 1256 2258 revo-

306 2310 431 2363 caretur
445 2298 519 2363 iude
535 2297 701 2364 exercitus.

309 2654 387 2738 Cap.
403 2662 433 2720 8.
466 2657 570 2730 Quare
603 2654 767 2735 Trajonus
795 2654 943 2716 videatur
971 2654 1119 2717 omnibus
1144 2657 1259 2739 praefe-

717 2754 846 2819 rendae.

349 2906 449 2967 Nunc
479 2911 597 2978 autem,
625 2912 660 2965 ut
685 2900 718 2965 in
746 2895 887 2986 Trajano
916 2901 1079 2967 Plutarchi
1104 2913 1255 2986 stratege·

305 3002 428 3066 maticis
443 3015 579 3088 ponatur
590 3004 713 3080 modus,
725 3017 824 3069 tantae
840 3004 1033 3068 fortitudinis
1047 3016 1080 3068 et
1095 3004 1254 3070 civilitatis

304 3098 374 3179 fuit,
392 3115 429 3168 ut
454 3105 593 3169 Romani
616 3106 741 3191 imperii
765 3107 855 3185 fines,
871 3105 957 3192 quod
980 3116 1051 3191 post
1070 3108 1254 3191 Augustum

303 3206 472 3270 defensum
494 3210 595 3292 magis
620 3208 734 3288 fuerat,
756 3230 853 3295 quam
880 3207 1030 3272 nobiliter
1053 3208 1254 3295 ampliatum,

303 3308 398 3394 longe
413 3310 541 3396 lateque
556 3310 757 3375 dilibuderet.
796 3309 941 3376 Gloriam
958 3325 1067 3376 tamen
1082 3311 1253 3376 militarem

302 3411 519 3477 moderatione
558 3414 727 3499 superavit,
761 3413 886 3490 Romae,
914 3426 947 3477 et
987 3436 1044 3499 per
1074 3414 1251 3500 provincias

303 3513 451 3577 omnibus
461 3536 494 3577 se
510 3518 668 3602 aequalem
680 3516 844 3595 exhibens,
857 3516 975 3580 amicos
990 3515 1146 3581 salutandi
1159 3538 1254 3582 causa

303 3615 518 3702 frequentans,
543 3618 594 3681 vel
621 3629 821 3703 aegrotantes,
847 3619 898 3684 vel
928 3619 1015 3683 festis
1045 3620 1157 3684 dicbus
1180 3643 1253 3685 cum

302 3716 422 3782 eisdem
444 3720 615 3784 indiscreta
636 3720 772 3784 vicissim
794 3719 916 3785 habeus
931 3721 1085 3800 convivia,
1100 3722 1253 3787 vehiculis

302 3842 424 3903 eorum,
438 3833 471 3885 et
485 3823 624 3887 vestibus
641 3822 860 3887 indifferenter
876 3835 979 3901 utens,
995 3824 1123 3910 publice
1137 3838 1171 3889 et
1190 3826 1255 3911 pri-

302 3924 398 3988 vatim
414 3924 520 3990 ditans
533 3948 654 4002 omnes,
669 3925 888 3991 immunitates
912 3925 1092 3990 civitatibus
1106 3926 1254 4011 largiens,

302 4025 446 4092 relaxans
456 4027 577 4093 ‘tributa
588 4029 767 4114 provinciis,
776 4029 857 4093 nulli
868 4029 981 4113 gravis,
992 4051 1082 4092 carus
1094 4030 1253 4110 omnibus,

300 4128 391 4210 adeo,
407 4142 442 4194 ut
464 4153 566 4218 usque
588 4132 628 4195 ad
650 4144 789 4196 nostram
813 4144 954 4209 aetatem,
976 4132 1008 4195 in
1034 4132 1166 4209 Senatu,
1188 4156 1251 4197 non

298 4229 391 4295 aliter
401 4230 595 4318 principibus
606 4233 809 4309 acclametur,
822 4234 959 4298 Felicior
974 4236 1132 4317 Augusto,
1142 4235 1254 4299 melior

296 4329 338 4395 sis
359 4333 517 4417 Trajauo!
549 4334 602 4400 Sic
621 4335 729 4421 itaque
749 4337 913 4401 memoriae
932 4337 1001 4422 ejus
1022 4337 1163 4401 delatum
1187 4349 1245 4415 est,
