3384 5234
408 692 471 751 286
666 705 802 750 ioannis
818 705 1098 752 sanusannrnnsrs
1218 691 1301 765 [sm.
1319 707 1361 752 1v.

410 854 556 918 videmur
581 854 767 918 abscedere:
801 854 872 918 licet
901 855 991 919 nobis
1013 870 1044 919 et
1067 856 1129 921 illis
1150 858 1260 921 eadem
1284 857 1363 920 fides

410 958 462 1030 sit,
477 956 524 1019 ita
539 968 654 1033 tamen,
671 968 706 1019 ut
726 954 813 1040 quod
830 954 875 1017 illi
892 954 1038 1021 futurum
1054 957 1291 1041 exspectabant,
1306 980 1363 1020 nos

411 1080 450 1120 ex
467 1069 558 1142 parte
573 1079 688 1139 magna
708 1054 906 1142 gaudeamus
928 1068 960 1120 et
976 1080 1160 1121 veneremur
1182 1058 1361 1141 impletum,

410 1158 541 1243 abjectis
556 1170 679 1223 tantum
701 1158 823 1222 umbris
845 1158 1018 1242 figurarum
1041 1154 1082 1222 ex
1104 1181 1169 1243 quo
1186 1160 1299 1222 veritas
1321 1160 1361 1222 de

411 1273 495 1324 terra
509 1272 579 1324 orta
594 1274 651 1331 est,
668 1263 747 1323 etin
764 1270 934 1342 conspectu
950 1259 1095 1340 gentium
1111 1260 1259 1324 revelata.
1301 1265 1363 1341 Ne,

409 1362 551 1447 inquam,
563 1361 689 1424 illorum
708 1360 798 1443 quasi
814 1359 927 1437 aliena,
942 1373 999 1424 aut
1008 1361 1149 1445 profana
1163 1375 1364 1424 contemnan-

313 1492 330 1506 ‘
411 1476 465 1529 tur
480 1462 636 1548 exempla,
653 1461 882 1526 Constantinus
897 1474 1015 1541 noster,
1031 1462 1244 1539 Theodosius,
1261 1464 1284 1525 J
1288 1463 1364 1526 usti-

410 1565 535 1640 nianus,
550 1576 582 1626 et
599 1562 677 1640 Len,
693 1573 724 1625 et
740 1559 792 1623 alii
810 1561 1070 1624 Christianissimi
1093 1563 1262 1648 principes,
1279 1563 1363 1648 prin·
1419 1618 1422 1624 .

410 1664 512 1750 cipem
527 1675 659 1749 possunt
674 1663 831 1726 instruere
848 1663 1078 1727 Christianum.
1118 1668 1155 1728 ln
1173 1687 1210 1726 eo
1225 1686 1363 1749 namque

409 1765 602 1850 praecipuam
629 1785 772 1848 operam,
790 1763 921 1839 dabant,
948 1777 985 1827 ut
1016 1763 1236 1829 sacratissimae
1266 1764 1361 1848 leges,

410 1889 483 1951 quae
510 1849 731 1948 constringunt
754 1864 896 1927 omnium
920 1864 1013 1945 vitas,
1036 1869 1192 1929 scirentur
1218 1878 1249 1929 et
1276 1879 1361 1928 tene-

410 1977 519 2028 rentur
554 1964 594 2026 ab
631 1961 788 2038 omnibus,
819 1983 877 2024 nec
911 1960 1037 2025 illarum
1074 1975 1155 2025 esset
1190 1962 1360 2046 quisquam

409 2065 551 2149 ignarus,
566 2062 624 2125 nisi
640 2075 695 2126 aut
719 2061 847 2146 publiea
867 2060 1006 2126 utilitate
1020 2064 1135 2125 erroris
1157 2062 1359 2146 dispendium

410 2173 638 2248 compensaret,
652 2175 708 2225 aut
731 2162 931 2227 miseratione
946 2163 1060 2238 aetatis,
1076 2177 1132 2226 aut
1154 2184 1250 2226 sexus
1272 2163 1358 2224 infir-

410 2267 519 2329 mitate
540 2263 690 2347 legitimae
715 2263 896 2327 acerbitatis
919 2267 1017 2328 evitet
1042 2266 1175 2326 aculeos,
1226 2262 1358 2325 Illorum

410 2367 512 2451 itique
527 2377 627 2449 gesta,
644 2364 800 2428 virtutum
817 2365 1021 2439 incitamenta
1036 2376 1128 2428 sunt:
1159 2364 1256 2427 verba
1279 2376 1359 2448 quot

411 2479 497 2544 sunt,
514 2479 560 2531 tot
576 2463 790 2528 institutiones
807 2487 940 2529 morum.
984 2465 1130 2548 Denique
1145 2464 1253 2540 vitam,
1270 2465 1358 2528 vitiis

410 2568 589 2653 subjugatis
613 2580 645 2631 et
672 2566 852 2651 captivatis,
879 2567 971 2651 quasi
1000 2588 1109 2630 arcum
1134 2565 1358 2651 triumphalem

409 2681 625 2733 consecratum
661 2668 851 2753 posteritati,
883 2669 1059 2753 magnificae
1094 2666 1222 2732 virtutis
1256 2665 1359 2731 titulis

409 2780 588 2843 erexerunt,
604 2767 690 2831 fideli
712 2766 907 2830 confessione
929 2766 1140 2852 praedicantes
1154 2765 1186 2828 in
1202 2765 1359 2841 omnibus,

409 2869 485 2955 quia
499 2892 561 2932 non
574 2892 686 2932 manus
697 2866 829 2945 excelsa,
841 2868 896 2931 sed
911 2868 1069 2932 Dominus
1080 2867 1154 2932 fecit
1166 2867 1235 2930 haec
1246 2867 1361 2931 omnia.

410 2973 455 3035 Et
482 2970 609 3056 quidem
639 2970 867 3035 Constantinus
889 2972 1035 3033 Romana
1059 2968 1204 3033 Ecclesia
1226 2968 1360 3033 fundata

409 3085 441 3137 et
457 3072 578 3149 dotata,
593 3084 630 3136 ut
646 3084 760 3135 caetera
775 3071 843 3155 ejus
864 3082 1029 3134 taceantur
1054 3071 1193 3154 egregia,
1208 3082 1361 3155 perpetua

409 3171 628 3236 benedictione
653 3170 786 3254 insignis
812 3180 870 3233 est.
922 3169 1123 3234 Justinianus
1148 3181 1180 3233 et
1211 3174 1276 3233 Leo
1305 3169 1361 3255 qui

408 3271 528 3336 fuerint
541 3295 581 3335 ex
596 3295 633 3335 eo
648 3272 757 3349 claret,
772 3269 860 3355 quod
884 3282 988 3333 totum
1011 3271 1119 3333 orbem
1145 3270 1362 3334 sacratissimis

409 3373 535 3459 legibus
556 3372 740 3450 enucleatis,
755 3369 848 3456 quasi
869 3369 1028 3455 quoddam
1052 3369 1206 3456 templum
1227 3371 1362 3455 justitiae

410 3498 530 3538 sacrare
546 3474 746 3538 studuerunt.
793 3477 876 3536 Nam
894 3471 934 3552 de
950 3469 1136 3535 Theodosio
1151 3471 1230 3556 quid
1246 3472 1361 3546 dicam,

410 3596 504 3658 quem
531 3574 584 3637 isti
607 3574 735 3637 virtutis
762 3572 942 3636 habuerunt
964 3571 1139 3657 exemplar,
1162 3586 1194 3634 et
1219 3571 1362 3633 Ecclesia

411 3675 473 3739 Dei
496 3675 538 3738 ob
563 3675 727 3759 religionis
750 3688 782 3739 et
804 3674 940 3761 justitiae
961 3671 1170 3735 venerabilem
1194 3683 1312 3745 notam,
1328 3683 1360 3734 et

412 3774 629 3839 sacerdotibus
643 3775 871 3859 patientissime
888 3789 992 3839 tamen
1007 3784 1039 3835 et
1065 3770 1240 3834 humillime
1258 3770 1361 3855 indig-

410 3890 549 3954 nantem,
565 3899 626 3940 non
643 3876 738 3939 modo
763 3891 799 3940 ut
822 3876 1042 3960 imperatorem
1059 3883 1206 3935 venerata
1228 3885 1286 3945 est,
1303 3871 1358 3934 sed

411 3992 447 4043 ut
477 3979 673 4044 antistitem?
715 3978 778 4051 Qui
808 3982 894 4062 leges
920 3974 1048 4052 tulerat,
1074 3996 1170 4058 quam
1201 3972 1359 4058 patienter

411 4079 485 4143 tulit
515 4079 699 4141 sententiam
732 4078 903 4142 sacerdotis
933 4073 1187 4141 Mediolanensis.
1244 4074 1289 4136 Et
1320 4095 1360 4136 ne

411 4182 596 4243 sententiam
613 4178 744 4241 emolliti
759 4177 950 4263 presbyteri,
966 4189 997 4240 et
1014 4174 1211 4261 principibus
1226 4177 1361 4260 applau-

409 4280 514 4344 dentis
529 4280 625 4342 tuisse
638 4292 775 4341 teneram
793 4290 898 4362 putes,
911 4302 930 4342 a
945 4277 1099 4364 regalium
1114 4300 1173 4340 usu
1189 4298 1361 4360 suspensus
