3384 5234
410 686 473 745 alu
679 697 815 742 rosanus
832 696 1104 742 sanasnamausrs
1213 681 1295 755 [arn.
1313 698 1363 743 111.

412 836 467 912 bat
484 846 584 921 virile,
600 846 660 910 nisi
685 869 798 911 nomen
823 845 958 931 imperii.
1003 847 1051 909 Ut
1076 857 1179 910 tamen
1205 846 1363 931 ignaviam

414 946 538 1022 mentis,
550 959 581 1011 et
594 948 739 1011 inertiam
752 948 904 1033 corporis,
916 947 976 1010 sub
991 959 1150 1032 praetextu
1167 948 1365 1034 principatus

412 1048 582 1127 occuleret,
604 1048 749 1133 quotidie
776 1048 836 1112 sibi
863 1060 1018 1112 secretum
1047 1048 1196 1111 horarum
1223 1047 1364 1133 spacium

413 1149 614 1226 vendicabat,
637 1171 694 1211 nec
720 1149 892 1234 quicquam
919 1148 1078 1212 interdum
1105 1148 1208 1236 facere
1233 1170 1363 1212 cousue-

413 1261 513 1326 verat,
527 1247 587 1310 uisi
602 1259 729 1331 captare
748 1269 884 1321 muscas
901 1261 932 1309 et
956 1245 1081 1309 easdem
1107 1246 1179 1310 stilo
1203 1260 1366 1333 praeacuto

413 1350 592 1434 configer03
621 1361 657 1413 ut
671 1347 797 1412 cuidam
814 1347 1034 1429 interroganti,
1051 1348 1163 1433 nequis
1183 1348 1268 1413 intus
1282 1362 1364 1413 esset

412 1475 484 1516 cum
498 1454 635 1527 Caesare,
646 1472 707 1512 non
720 1449 858 1513 absurde
869 1449 929 1513 sibi
942 1471 1126 1534 responsum
1136 1450 1175 1513 sit
1186 1472 1205 1513 a
1217 1451 1362 1515 Metello:

413 1555 481 1617 Nec
496 1576 604 1617 musca
621 1551 762 1637 quidem.
809 1551 902 1628 Quod
925 1550 999 1615 licet
1022 1550 1207 1636 impiissimo
1229 1553 1364 1638 principi

412 1654 599 1731 innotuerit,
625 1652 824 1717 dissimulare
850 1652 974 1729 maluit,
1002 1676 1100 1738 quam
1131 1654 1252 1740 punire.
1303 1656 1365 1719 Sed

414 1781 471 1822 cur
480 1755 642 1842 patientiae
654 1754 800 1839 exempla
811 1776 966 1839 propono,
976 1776 1074 1839 quurn
1088 1756 1235 1820 omuibus
1247 1756 1367 1842 liqueat

414 1858 492 1923 nihil
518 1859 645 1922 firmum
672 1879 739 1919 esse
764 1868 796 1919 et
823 1855 947 1936 stabile,
969 1857 1056 1942 quod
1081 1856 1142 1921 levi
1169 1857 1264 1923 flatus
1289 1883 1367 1925 aura

413 1960 617 2024 concutitur?
648 1957 727 2035 Quis
744 1956 846 2019 virum
868 1956 982 2021 fortem
1007 1957 1127 2035 credat,
1142 1981 1236 2042 quem
1254 1961 1368 2025 verbo·

413 2084 485 2125 rum
500 2070 607 2122 movet
621 2057 787 2140 impulsus,
802 2071 833 2121 et
852 2058 880 2120 ei
903 2061 1043 2143 quietem
1066 2060 1199 2138 excutit,
1215 2073 1248 2123 ct
1264 2064 1365 2124 virtu-

413 2174 481 2225 tum
498 2182 649 2245 compage
664 2157 805 2243 dirupta,
818 2157 918 2243 ipsius
932 2158 1046 2223 auimae
1058 2160 1241 2243 sanguinem
1255 2161 1364 2226 elicit?

415 2261 511 2326 Unde
537 2276 568 2324 et
594 2259 721 2345 publico
741 2259 816 2344 jure
842 2269 995 2323 statutum
1022 2272 1080 2337 est,
1108 2281 1148 2323 ne
1173 2283 1232 2344 pro
1258 2264 1364 2328 verbis

412 2363 543 2437 frivolis,
559 2362 727 2448 quisquam
744 2360 910 2423 severitate
925 2382 1090 2445 poenarum
1106 2362 1261 2429 inuratur.
1304 2365 1363 2429 Ait

373 2530 375 2536 ,
412 2466 495 2528 enim
530 2469 720 2549 Imperator,
751 2462 909 2526 Divorum
947 2462 1130 2541 Theodosii,
1159 2463 1303 2545 Arcadii,
1332 2478 1364 2529 et

414 2565 549 2629 Honorii
561 2576 682 2629 statuta
693 2564 898 2627 confirmans:
925 2563 957 2626 Si
970 2564 1044 2649 quis
1055 2564 1217 2629 modestiae
1229 2566 1365 2645 nescius,

412 2683 444 2733 et
467 2667 600 2754 pudoris
623 2666 763 2750 ignarus,
778 2665 924 2750 improbo
947 2667 1170 2753 petulantique
1186 2666 1365 2744 maledicte,

412 2770 540 2834 nomina
564 2781 673 2831 nostra
698 2766 868 2830 crediderit
899 2767 1089 2849 lacessenda,
1114 2792 1150 2832 ac
1180 2768 1365 2834 temulentia

413 2872 618 2939 turbulentus
632 2872 826 2933 obtrectator
842 2880 1021 2954 temporum
1042 2869 1150 2946 fuerit,
1167 2893 1238 2934 eum
1262 2894 1366 2958 poenae

412 2974 559 3038 nolumus
594 2969 769 3057 subjugari,
804 2992 909 3055 neque
945 2969 1064 3034 durum
1099 2972 1232 3058 aliquid,
1262 2995 1365 3059 neque

411 3097 557 3161 asperum
575 3073 748 3138 sustinere:
780 3071 931 3157 quoniam
948 3072 974 3136 si
989 3095 1029 3135 ex
1053 3072 1180 3138 levitate
1202 3075 1364 3160 processit,

411 3174 678 3240 contemnendum
694 3187 761 3248 est;
785 3174 812 3238 si
826 3175 868 3238 ab
883 3174 1013 3248 insania,
1032 3175 1231 3240 miseratione
1246 3176 1365 3261 dignis-

411 3278 537 3353 simum,
562 3276 589 3337 si
612 3298 651 3339 ex
673 3274 802 3359 injuria,
825 3273 1064 3340 remittendum.
1110 3275 1206 3339 Unde
1229 3276 1361 3361 integris

412 3377 561 3442 omnibus
584 3376 644 3439 hoc
666 3374 706 3438 ad
730 3387 869 3438 nostram
893 3373 1054 3438 scientiam
1078 3378 1241 3452 referatur,
1265 3389 1302 3441 ut
1325 3400 1364 3440 ex

413 3478 555 3562 personis
572 3474 735 3538 hominum
751 3472 836 3538 dicta
859 3496 1036 3559 pensemus,
1052 3486 1083 3537 et
1106 3488 1213 3540 utrum
1238 3489 1366 3561 praeter-

412 3579 509 3652 mitti,
535 3598 575 3638 an
606 3577 733 3661 exquiri
763 3574 900 3639 debeant
926 3596 1118 3639 censeamus.
1164 3578 1219 3639 Ex
1245 3577 1364 3661 quibus

411 3675 584 3758 colligitur,
600 3676 695 3739 dictis
710 3675 875 3738 hominum
898 3697 961 3737 non
984 3678 1106 3739 moveri
1129 3697 1213 3753 eum,
1230 3676 1286 3757 qui
1309 3689 1363 3739 aut

413 3778 543 3841 virtutis
572 3788 695 3839 amator
724 3787 783 3853 est,
809 3787 865 3838 aut
891 3774 975 3858 juris
1001 3773 1218 3837 constitutioni
1244 3775 1366 3839 obtem-

413 3901 538 3966 perans.

519 3998 606 4048 Omne
619 3992 690 4047 vafer
702 3994 792 4045 vitium
803 3993 904 4046 ridendi
916 3992 1028 4046 Flaccus
1039 3995 1120 4046 amico

517 4082 627 4149 Tangit,
638 4086 666 4132 et
677 4080 805 4131 admissus
816 4081 910 4133 circum
923 4080 1062 4152 praecordia
1074 4080 1147 4133 ludit.

413 4187 581 4253 Familiare
607 4185 764 4270 siquidem
797 4186 932 4270 sapienti
963 4198 1020 4264 est,
1049 4198 1085 4250 ut
1115 4210 1231 4272 niagno
1261 4187 1365 4274 placet

412 4291 610 4377 Augustino,
626 4288 732 4373 potius
752 4313 770 4352 a
794 4288 938 4374 quolibet
963 4288 1166 4379 reprehendi,
1183 4313 1278 4382 quam
1303 4290 1367 4356 sive
