3384 5234
730 748 954 795 nurnnulcus.

410 900 500 967 Pelle
516 900 646 967 leonina
660 898 713 965 dic
727 898 805 986 quid
820 897 937 963 asellus
950 894 1034 983 agat.

366 1003 451 1083 Quid
465 1004 516 1069 leo
530 1004 608 1069 dum
624 1001 730 1078 servit,
747 1000 826 1088 quid
840 1000 917 1085 agit,
930 999 1008 1064 dum
1025 1012 1137 1086 regnat
1149 1001 1277 1080 asellus,

407 1106 554 1173 Turturis
568 1106 603 1171 in
618 1105 725 1192 specie
740 1101 874 1191 passeris
886 1114 960 1167 acta
973 1125 1078 1169 cauea

367 1208 455 1284 Quid
469 1209 587 1275 iaciant
601 1207 692 1295 pardi
708 1204 824 1285 timidi,
838 1204 1027 1292 leporesque
1043 1205 1182 1291 fugaces,

412 1310 455 1376 Et
468 1333 540 1397 spes
553 1309 697 1377 conversi
711 1329 785 1395 quoe
800 1307 841 1373 sit
854 1307 1004 1372 habenda
1017 1308 1095 1393 lupi.

368 1412 456 1489 Quid
470 1435 585 1499 repens
598 1409 725 1478 testudo
739 1422 841 1497 paret,
859 1411 1038 1476 scarabaeus
1052 1422 1194 1489 onustus,

413 1514 544 1601 Curque
558 1512 623 1578 leri
636 1522 751 1578 venun
764 1509 895 1595 grandis
909 1509 951 1573 ab
967 1510 1070 1575 imbrs
1085 1511 1187 1577 cadat.

369 1616 435 1685 sed
450 1616 527 1703 quia
540 1637 636 1681 nemo
649 1624 753 1701 potest
766 1612 890 1678 cunctis
905 1612 1019 1680 virtute
1035 1612 1172 1700 placere,

415 1718 558 1784 Sufficiat
571 1716 679 1804 paucis
693 1728 727 1781 te
742 1715 899 1801 placuisse
913 1713 1016 1779 bonis.

370 1827 569 1907 spernantur
583 1819 608 1884 si
623 1817 703 1884 forte
718 1827 784 1882 tuoe
799 1816 859 1882 sub
869 1815 981 1904 judice
996 1837 1103 1902 nugae,

413 1923 488 1989 Non
503 1922 543 1988 sit
555 1921 666 2008 iniqua
679 1942 804 2002 manus,
818 1930 875 1983 aut
888 1930 945 1984 tua
959 1918 1068 2004 lingua
1083 1942 1206 2006 procax.

371 2023 490 2089 Libera
503 2023 664 2088 donentur
678 2021 802 2087 cunctis
816 2020 975 2106 suffragia,
990 2031 1087 2107 teque

414 2126 477 2191 Iste
492 2126 614 2191 bonum
631 2124 728 2201 dicat,
745 2122 831 2188 dicat
844 2133 878 2187 et
892 2123 947 2187 ille
962 2123 1094 2189 malum.

371 2231 405 2295 Si
419 2231 507 2296 locus
521 2241 570 2295 est
583 2230 750 2308 liber,'cur
764 2249 828 2291 non
844 2227 885 2293 sit
899 2226 1000 2293 libera
1013 2228 1148 2313 lingua?

407 2334 521 2401 Nemo
534 2331 611 2397 satis
626 2331 748 2413 firmus,
762 2351 859 2416 quem
876 2329 955 2395 ieris
968 2353 1046 2396 aura
1059 2344 1176 2398 moret.

371 2436 458 2511 Quid
470 2436 589 2500 facient
603 2455 706 2514 enses,
720 2433 745 2499 si
761 2445 794 2498 te
808 2431 888 2498 levis
903 2455 981 2499 eura
995 2435 1167 2500 cruentet?

413 2528 523 2601 Verba
535 2535 668 2623 quidem
686 2556 748 2598 non
764 2547 839 2599 suut
855 2536 996 2613 verbera,
1013 2536 1111 2600 verba
1125 2533 1244 2601 times?

370 2638 569 2723 Linguamm
584 2635 735 2723 strepitus
750 2635 883 2701 solidam
901 2658 964 2701 non
980 2648 1121 2703 transeat
1134 2661 1255 2714 aurem,

413 2740 510 2805 Auris
523 2739 633 2825 inepta
647 2737 753 2817 nimis,
768 2761 866 2825 quam
882 2760 978 2804 sonus
996 2740 1059 2805 urit
1074 2740 1170 2807 iners.

374 2842 533 2907 Exercent
547 2841 601 2906 alii
615 2840 752 2929 linguas,
768 2840 827 2905 tibi
842 2854 953 2927 pareat
966 2843 1070 2920 auris3

416 2944 543 3029 Lingua
556 2943 688 3031 quidem
703 2943 843 3029 prodest,
859 2965 923 3007 non
938 2953 1048 3009 tamen
1063 2967 1139 3009 eure
1155 2944 1264 3028 magis.

375 3044 442 3111 Illis
455 3046 489 3110 in
503 3044 614 3130 lingua
627 3066 720 3110 mens
735 3056 794 3125 est,
809 3043 870 3108 tibi
885 3044 926 3109 sit
940 3065 995 3108 cor
1008 3045 1041 3108 in
1056 3066 1142 3110 aure.

416 3147 462 3215 Os
475 3147 621 3234 patulum
637 3146 678 3213 sit
691 3146 748 3229 eis,
764 3146 849 3211 euris
864 3156 976 3231 aperta
989 3145 1058 3211 tibi.

376 3249 478 3316 Obice
493 3250 617 3315 virtutis
633 3249 844 3334 confringitur
859 3248 999 3333 impetus
1013 3248 1085 3329 oris,

419 3352 463 3417 Et
475 3351 595 3437 linguae
608 3351 738 3417 stimulo
752 3373 844 3417 mens
859 3350 1023 3415 malesane
1036 3350 1128 3437 perit.

377 3451 491 3529 Nemo,
507 3452 567 3516 nisi
582 3474 691 3532 vanus,
706 3451 786 3516 falso
799 3451 928 3517 laetatur
942 3451 1073 3530 honore,

419 3554 554 3619 Conscia
567 3575 660 3619 mens
675 3554 790 3639 culpae,
806 3576 904 3640 quem
920 3554 1005 3619 mala
1018 3554 1105 3620 dicta
1119 3567 1258 3620 movent.

379 3655 477 3720 Frons
490 3656 661 3721 adamante
676 3656 735 3720 tibi
750 3656 791 3721 sit
804 3656 924 3735 durior,
940 3657 1014 3740 igne
1029 3669 1157 3743 perusta

419 3758 469 3822 Sit
482 3758 575 3837 cutis,
590 3781 611 3824 a
624 3758 729 3825 verbis
744 3781 785 3823 ne
802 3769 890 3824 notat
905 3780 960 3824 ora
975 3759 1081 3825 rubor.

377 3860 478 3925 Plena
492 3860 614 3947 pudore
629 3871 748 3939 tamen,
765 3861 893 3948 qualem
909 3861 1003 3926 decet
1017 3860 1101 3926 illius
1116 3883 1195 3937 esse,

419 3962 484 4037 Qui
499 3962 613 4029 timeat
627 3963 696 4027 vitii
712 3963 858 4029 sordidus
873 3984 941 4027 esse
956 3974 1040 4029 nota.

376 4061 517 4128 Alterius
532 4064 652 4149 linguae
668 4065 719 4129 dic
734 4064 807 4153 quis
822 4065 1008 4129 moderatur
1022 4062 1187 4128 habenas?

418 4164 482 4229 Vix
496 4174 556 4243 est,
573 4165 629 4252 qui
644 4165 782 4252 propriae
797 4166 895 4251 possit
909 4166 1027 4231 habere
1042 4166 1185 4230 modum.

377 4264 517 4331 Lubrica
531 4289 617 4354 saepe
633 4268 729 4347 cadit,
744 4267 896 4355 quonism
912 4277 1053 4333 versatur
1066 4268 1099 4332 in
1116 4268 1197 4332 udo:

421 4368 515 4455 Saepe
531 4370 648 4436 cadens
662 4371 769 4436 labem
784 4371 953 4452 contrahit,
969 4380 1064 4456 etque
1079 4379 1197 4434 notam.
