3384 5234
406 666 471 729 ‘288
652 680 787 725 rasurus
803 679 1080 725 saaasauarunsrs
1215 660 1294 739 [mn.
1312 679 1355 726 1v.

406 855 468 897 nou
483 829 637 907 ostendit,
653 828 771 914 linguis
787 828 854 893 suis
874 828 1090 904 introducant,
1107 826 1198 914 quasi
1214 827 1354 913 quodam

405 936 531 999 aurium
547 932 641 1011 ostio,
656 928 784 996 literati.
830 931 935 1014 Legat
955 952 1032 1015 ergo
1052 952 1140 994 mens
1155 930 1308 1015 principis
1322 930 1356 994 in

405 1035 517 1119 lingua
531 1032 713 1111 sacerdotis,
727 1044 759 1096 et
782 1030 936 1116 quicquid
957 1033 1122 1117 egregium
1139 1032 1273 1096 videtin
1289 1055 1355 1095 mo·

403 1137 504 1210 ribus,
525 1137 617 1221 quasi
640 1133 741 1218 legem
759 1133 891 1197 Domini
911 1146 1088 1198 veneretur.
1134 1135 1216 1196 Nam
1233 1145 1265 1197 et
1288 1133 1353 1197 vita

403 1248 435 1302 et
451 1236 562 1321 lingua
580 1235 792 1313 sacerdotum,
806 1234 899 1319 quasi
920 1234 1052 1321 quidam
1075 1235 1151 1299 vitoe
1166 1234 1245 1298 liber
1258 1247 1306 1299 est
1321 1235 1353 1299 in

402 1340 483 1405 facie
512 1338 717 1425 populorum.
762 1339 814 1401 Eo
838 1337 921 1401 forte
944 1350 1078 1423 spectat,
1100 1338 1188 1423 quod
1211 1338 1354 1423 exempla

402 1440 482 1527 legis
496 1464 516 1506 a
536 1439 754 1504 sacerdotibus
777 1437 932 1504 Leviticae
953 1430 1056 1504 tribus
1066 1439 1202 1524 jubetur
1216 1441 1351 1513 assumi3

364 1609 372 1625 ⁶
403 1543 479 1629 quia
508 1540 738 1629 praedicatione
767 1563 877 1605 eorum
901 1539 996 1605 debet
1025 1552 1167 1625 potestas
1196 1542 1354 1605 commissi

400 1646 604 1732 magistratus
623 1643 838 1730 gubernacula
859 1644 1026 1709 moderari.
1073 1648 1143 1709 Nec
1157 1654 1273 1730 expers
1287 1666 1353 1709 om-

400 1751 476 1813 nino
498 1746 642 1813 lectionis
665 1758 724 1822 est,
745 1745 801 1832 qui
828 1745 888 1809 etsi
914 1745 982 1831 ipse
1007 1769 1070 1810 non
1094 1746 1184 1829 legit,
1211 1769 1285 1832 quae
1310 1747 1353 1811 le-

399 1864 520 1935 guntur
544 1850 585 1913 ab
607 1847 687 1923 aliis,
710 1847 847 1911 fideliter
869 1846 973 1913 audit.
1018 1849 1082 1926 Qui
1104 1870 1181 1912 vero
1202 1862 1351 1914 neutrum

399 1950 488 2032 facit,
510 1948 683 2036 quomodo,
704 1948 737 2011 in
764 1960 950 2032 contemptu
974 1949 1138 2035 praecepti,
1161 1950 1250 2035 quod
1272 1972 1353 2035 prae-

398 2048 518 2133 cipitur
532 2046 670 2111 fideliter
684 2046 896 2132 adimplebit?
935 2049 1118 2113 Concursus
1136 2071 1275 2135 namque
1297 2050 1351 2113 de-

400 2147 615 2214 siderabilium
637 2147 778 2211 omnium
800 2147 962 2232 sapientiae
982 2146 1116 2211 accessio
1135 2161 1193 2211 est.
1241 2148 1350 2212 Ptolo·

398 2271 500 2313 moeus
521 2246 563 2312 ad
587 2247 749 2310 cumulum
777 2245 993 2323 beatitudinis,
1015 2268 1119 2309 nonne
1141 2246 1200 2310 sibi
1226 2246 1348 2331 aliquid

398 2350 506 2415 deesse
517 2348 663 2428 credidit,
675 2349 775 2413 donec
786 2349 896 2414 accitis
907 2348 1109 2435 septuaginta
1120 2348 1349 2434 interpretibus

399 2450 471 2514 licet
494 2448 622 2535 gentilis
640 2463 733 2523 esset,
754 2450 857 2532 legem
879 2449 1011 2513 Domini
1032 2449 1153 2513 Graeais
1174 2452 1348 2515 communi·
1393 2459 1395 2462 '

397 2552 505 2617 savit?
544 2550 634 2617 Nihil
661 2551 743 2614 enim
768 2551 877 2627 refert,
903 2572 943 2614 an
969 2549 1156 2636 interpretes
1178 2551 1210 2614 in
1236 2552 1346 2616 eadem

396 2653 511 2718 cellula
537 2653 638 2719 clausi
663 2652 866 2734 contulerint,
891 2676 931 2718 au
957 2653 1218 2739 prophetaverint
1242 2655 1274 2718 in
1299 2654 1347 2718 di·

397 2755 507 2835 versis,
536 2753 613 2817 dum
640 2766 762 2818 constet
788 2776 895 2838 regem
921 2756 953 2818 in
981 2755 1122 2821 veritatis
1146 2755 1347 2842 inquisitione

396 2855 569 2932 solicitum,
584 2854 685 2939 legem
707 2853 838 2919 Domini
858 2854 890 2918 in
914 2855 1074 2923 Graeciam
1093 2857 1260 2944 trajecisse.
1308 2859 1346 2921 ln

396 2956 509 3023 Atticis
535 2956 694 3022 Noctibus
721 2956 834 3041 legisse
860 2957 1000 3033 memini,
1026 2957 1116 3043 quod
1142 2981 1243 3044 quum
1272 2958 1348 3022 Phi·

395 3057 476 3144 lippi
492 3057 678 3123 Macedonis
689 3081 813 3123 morum
827 3059 977 3144 legantur
986 3058 1133 3144 insignia,
1143 3059 1224 3125 inter
1233 3072 1348 3124 caetera

396 3158 605 3225 literatorium
628 3159 785 3239 studium,
807 3159 898 3246 quasi
923 3159 1000 3224 belli
1026 3161 1166 3244 negotia,
1188 3174 1221 3225 et
1248 3160 1347 3225 victo·

394 3261 513 3325 riarum
537 3262 716 3347 triumphos
741 3261 965 3326 liberalitatem
987 3275 1115 3339 mensas,
1138 3261 1347 3326 humanitatis

394 3362 544 3441 officium,
559 3376 592 3428 et
612 3385 813 3448 quaecunque
832 3362 951 3447 lepide,
969 3362 1242 3448 communiterque
1260 3362 1348 3428 dicta

394 3463 445 3527 vel
468 3463 554 3528 facta
579 3475 663 3543 sunt,
686 3462 851 3527 coloravit.
897 3464 1015 3527 Verum
1041 3476 1074 3528 et
1100 3463 1160 3528 hoc
1182 3464 1287 3549 ipsum
1312 3463 1344 3526 in

394 3586 461 3648 quo
484 3586 516 3626 se
538 3562 607 3627 aliis
635 3561 890 3626 excellentiorem
911 3575 1055 3640 noverat,
1076 3564 1168 3650 quasi
1188 3563 1343 3627 bonorum

393 3662 665 3728 haereditariorum
680 3663 938 3743 fundamentum,
952 3664 993 3727 ad
1011 3664 1138 3728 unicum
1159 3685 1254 3748 quem
1275 3686 1344 3747 spe-

393 3763 485 3828 rabat
509 3765 599 3847 regni
625 3775 657 3826 et
686 3762 849 3828 felicitatis
878 3763 1025 3827 futurum
1056 3763 1215 3837 heredem,
1242 3774 1343 3826 trans-

396 3866 522 3931 mittere
534 3863 667 3931 curavit.
706 3865 758 3930 Ob
769 3887 866 3952 quam
877 3886 1004 3927 causam
1015 3863 1149 3949 epistola
1162 3864 1190 3948 ej
1196 3885 1233 3927 us
1246 3863 1342 3927 desti·

393 3982 469 4033 nata
490 3965 653 4032 Aristoteli
675 3989 778 4053 nuper
800 3965 867 4030 nati
881 3964 1067 4043 Alexandri,
1084 3979 1118 4030 ut
1142 3964 1341 4050 sperabatur,

392 4070 546 4153 magistro
563 4068 630 4131 visa
644 4080 692 4132 est
713 4067 764 4131 hic
780 4067 954 4133 scribenda.
998 4068 1060 4131 Est
1074 4067 1176 4152 igitur
1189 4078 1343 4151 concepta

392 4169 434 4232 ad
450 4168 530 4231 hanc
545 4169 644 4232 ferme
660 4170 923 4235 sententiam.—“
934 4168 1105 4257 Philippus
1120 4167 1284 4233 Aristoteli
1295 4190 1343 4231 aa
1373 4206 1377 4215 ·

391 4274 492 4335 lutem
511 4269 599 4335 dicit.
646 4268 765 4335 Filium
787 4272 865 4336 mihi
885 4272 1029 4357 genitum
1052 4272 1142 4353 scito,
1164 4295 1231 4357 quo
1250 4273 1342 4357 equi·
