3384 5234
447 694 506 753 132
705 703 841 747 somnus
857 702 1135 747 saansannrnrsrs
1261 683 1401 762 [nra-11.

445 853 987 935 nit,auctorcoelicontradicerenon
999 852 1151 917 audebit?
1175 852 1401 939 interpositam

446 958 529 1021 inter
539 957 595 1041 jus
609 968 641 1021 et
656 957 839 1041 aequitatem
861 958 1166 1042 interpretationem,
1182 955 1239 1019 soli
1264 956 1401 1042 principi

449 1074 481 1124 et
500 1072 638 1145 oportet,
655 1071 687 1122 et
703 1058 776 1124 licet
792 1057 955 1143 inspicere.
1001 1058 1069 1122 Ubi
1091 1058 1180 1122 aliud
1198 1060 1255 1143 jus
1277 1057 1403 1136 suadet,

447 1161 534 1225 aliud
552 1161 697 1247 aequitas,
713 1160 834 1245 quaein
853 1159 980 1244 publica
995 1159 1133 1224 utilitate
1149 1173 1305 1237 versatur,
1317 1159 1404 1245 pn'n-

448 1262 527 1348 cipis
542 1262 714 1349 quaerenda
729 1273 775 1323 est
792 1261 1023 1345 interpretatio,
1036 1284 1111 1347 quae
1125 1262 1282 1347 generalis
1295 1274 1354 1341 est,
1369 1274 1402 1326 et

448 1361 630 1426 necessaria.
682 1360 747 1426 Ubi
771 1359 810 1422 de
834 1360 964 1444 scripto,
987 1373 1019 1424 et
1041 1360 1197 1424 sententia
1220 1360 1401 1438 dubitatur,

447 1487 536 1528 mens
547 1477 593 1526 est
610 1461 800 1547 inquirenda
812 1461 962 1524 auctoris.
993 1462 1073 1538 Quis
1088 1484 1165 1544 ergo
1176 1474 1208 1526 te
1223 1461 1400 1526 coelestium

445 1564 521 1628 iecit
540 1564 769 1647 interpretem?
794 1560 904 1637 Unde,
920 1559 998 1644 quid
1022 1560 1184 1646 expediat,
1200 1561 1305 1625 nosti?
1329 1562 1401 1638 Qua

447 1663 623 1728 temeritate
638 1661 738 1724 aliena
748 1682 856 1747 opera,
869 1659 943 1735 tuis,
955 1660 1020 1722 imo
1032 1660 1094 1722 Dei
1107 1658 1218 1737 stellis,
1229 1660 1400 1726 adscribist

448 1766 558 1827 Teneo
572 1763 654 1826 enim
672 1777 762 1827 tuum
779 1759 860 1824 illud
877 1759 1122 1825 subtilissimum
1138 1776 1375 1845 argumentum,

690 1932 732 1988 Tu
745 1936 788 2003 qui
799 1935 929 2002 flagrante
941 1934 1067 1987 minacem

551 2021 673 2090 Scorpion
684 2021 799 2072 incendis
811 2020 902 2081 cauda,
915 2018 1052 2087 chelasque
1064 2020 1172 2091 peruris,

552 2105 624 2165 Quid
635 2111 736 2156 tantum
750 2104 863 2156 Gradive
876 2106 970 2174 paras?

449 2264 513 2331 Sed
544 2263 697 2328 mendacii
728 2276 830 2349 pater,
856 2265 911 2349 qui
938 2276 970 2329 te
999 2265 1060 2329 hoc
1086 2264 1194 2330 docuit
1220 2264 1401 2332 coelestibus

448 2364 702 2441 adscribendum,
719 2363 939 2429 fraudulenter
960 2365 1004 2428 sic
1026 2367 1094 2451 agit
1110 2381 1225 2447 tecum,
1239 2379 1277 2432 ut
1300 2391 1408 2453 quum-

447 2468 497 2532 his
519 2472 601 2531 notis
623 2466 804 2552 resperserit
833 2478 1023 2544 creaturam,
1045 2468 1150 2552 ipsum
1179 2480 1334 2532 creaturoe
1356 2470 1400 2533 sic

448 2569 581 2635 infamet
609 2582 780 2633 auctorem.
831 2570 996 2631 Postremo
1029 2568 1183 2634 animulas
1213 2570 1401 2634 miserorum

447 2669 561 2734 fraude
580 2669 739 2755 deceptas,
755 2667 985 2733 inevitabilium
1005 2668 1154 2733 vaticinio
1167 2669 1352 2734 futurorum
1368 2671 1400 2735 in

446 2774 591 2840 elationis
605 2784 760 2837 tumorem
777 2772 980 2855 suspendere,
996 2773 1047 2835 vel
1066 2772 1293 2859 desperationis
1307 2774 1406 2861 abys-¹

449 2898 518 2941 sum
538 2875 748 2961 praecipitare,
763 2872 922 2937 dementia
937 2888 995 2937 est.
1032 2876 1133 2939 Porro
1152 2875 1239 2939 hunc
1258 2874 1400 2939 fructum

448 2977 597 3042 mathesis
612 2999 678 3040 suae
689 2975 856 3058 horoscopi
871 2973 1019 3049 afferunt,
1029 2985 1061 3037 et
1076 2973 1213 3058 planetis
1224 2976 1289 3039 suis
1301 2980 1401 3061 magis

448 3079 581 3156 erronei,
597 3079 673 3143 dum
690 3099 709 3140 a
724 3075 853 3139 scientia
867 3074 995 3159 pietatis
1015 3075 1207 3154 exorbitant,
1221 3075 1315 3162 longa
1329 3100 1401 3162 per·

450 3194 656 3266 vestigatione
692 3180 866 3261 signorum,
894 3198 966 3239 cum
996 3199 1046 3253 eo,
1076 3177 1133 3259 qui
1168 3182 1260 3262 quasi
1290 3178 1402 3242 lucifer

449 3281 624 3347 matutinus
635 3279 806 3354 oriebatur,
821 3275 1017 3341 descendunt
1032 3279 1064 3341 in
1077 3277 1234 3342 infernum
1247 3279 1400 3357 viventes,

448 3381 590 3467 aliosque
605 3381 705 3443 ruinae
721 3402 787 3443 suae
804 3378 974 3464 participes
989 3376 1137 3442 efficiunt.
1173 3378 1235 3444 Sed
1250 3379 1325 3444 dum
1343 3380 1402 3445 tibi

449 3483 525 3547 talia
540 3492 773 3566 proponuntur,
789 3480 838 3542 vel
854 3492 1073 3565 opponuntur,
1089 3478 1168 3565 quid
1183 3480 1279 3544 iacis?
1302 3482 1402 3547 Rides

444 3582 608 3666 equidem,
631 3593 663 3645 et
689 3581 782 3645 nimis
806 3580 896 3643 uncis
921 3580 1051 3644 naribus
1076 3579 1235 3664 indulges,
1262 3581 1402 3647 ludibrio

450 3684 570 3746 babens
585 3682 816 3766 simplicitatem
829 3681 914 3761 fidei,
926 3681 1125 3767 recurrisque
1136 3682 1176 3745 ad
1192 3681 1402 3768 providentiae

452 3783 568 3859 sinum,
590 3795 623 3845 et
641 3793 672 3846 te
694 3780 725 3844 in
749 3782 898 3866 abyssum
922 3781 1157 3845 inscrutabilem
1180 3784 1272 3867 quasi
1295 3786 1403 3849 Antus

449 3883 529 3947 alter
545 3895 632 3947 totus
647 3882 817 3965 immergis.
862 3886 980 3946 Lucem
1004 3882 1249 3948 inaccessibilem
1267 3884 1403 3971 posuisti

450 3982 609 4068 refugium
627 3995 731 4061 tuum,
745 3995 777 4045 et
799 3981 873 4044 inde
893 3981 969 4046 fidei
989 3985 1200 4047 rusticitatem
1221 3985 1402 4068 impugnas,

449 4109 486 4149 ac
509 4084 535 4147 si
557 4085 629 4147 sons
651 4083 791 4147 veritatis
808 4082 1084 4169 propugnaculum
1108 4084 1148 4146 sit
1168 4083 1291 4146 erroris.
1338 4084 1401 4147 Sed

448 4199 527 4267 esto,
542 4197 678 4249 veterem
702 4184 782 4247 hanc
802 4182 1011 4265 providentia
1031 4182 1190 4267 querelam
1212 4182 1401 4267 sopirenon

451 4309 590 4375 possum,
616 4299 648 4349 ct
674 4284 772 4349 nodos
797 4284 936 4348 omnium
965 4283 1168 4369 quaestionem
1195 4282 1315 4348 solvere
1339 4307 1402 4386 non
