3384 5234
380 674 453 720 cur.
470 658 552 737 xvn]
734 675 990 723 rourouarrous.
1271 665 1334 723 8⁸25

380 836 520 911 cogatur.
543 829 630 910 Lege
638 829 859 911 quoqueJulia
869 828 1112 911 repetundarum
1120 832 1331 915 tenetur,qui,

379 954 478 1016 quum
494 929 632 1015 aliquam
645 940 834 1013 potestatem
845 932 978 993 haberet
991 933 1033 993 ob
1045 930 1267 1014 judicandum,
1280 933 1331 996 vel

379 1056 443 1097 non
450 1032 674 1117 judicandum,
686 1032 935 1107 decernendum,
951 1034 1000 1095 vel
1011 1054 1078 1095 nou
1090 1032 1329 1096 decernendum

378 1146 434 1196 aut
452 1136 495 1195 ob
518 1130 779 1195 denunciandum
801 1132 1028 1205 testimonium,
1045 1133 1093 1194 vel
1117 1153 1183 1195 non
1205 1132 1328 1196 denun-

377 1231 541 1309 ciandum,
569 1230 740 1314 pecuniam
770 1231 949 1313 acceperit;
985 1241 1017 1292 et
1042 1230 1076 1291 iu
1103 1251 1238 1310 summa,
1263 1253 1327 1315 quo

377 1333 479 1413 magis
502 1332 683 1395 autminus
706 1330 784 1414 quid
807 1352 849 1393 ex
872 1332 978 1394 officio
1000 1352 1058 1393 suo
1083 1332 1209 1394 faceret
1256 1335 1327 1396 Neo

377 1456 438 1497 usu
456 1435 529 1518 capi
552 1445 657 1517 potest
677 1432 764 1516 quod
784 1432 950 1517 accipitur,
972 1443 1142 1517 autequam
1162 1433 1271 1499 redeat
1292 1436 1327 1507 in

376 1546 564 1619 potestatem
594 1535 663 1619 ejus
689 1557 708 1598 a
735 1556 798 1617 quo
827 1535 1002 1616 profectum
1028 1545 1086 1612 est,
1110 1546 1165 1598 aut
1190 1536 1327 1599 heredis.

376 1639 589 1702 Venditiones
613 1659 741 1721 quoque
768 1647 800 1701 et
820 1637 1009 1712 locationes,
1033 1637 1132 1719 pluris
1157 1637 1327 1703 minorisve

375 1740 488 1816 factas,
502 1741 556 1801 lex
570 1739 633 1801 ista
647 1738 812 1815 rescindit,
826 1750 859 1801 et
878 1760 916 1801 ea
939 1737 1094 1813 damuati,
1110 1739 1325 1803 testimonium

375 1842 542 1923 publicum
557 1842 675 1917 dicere,
689 1852 745 1903 aut
761 1840 891 1922 judices
907 1862 988 1918 esse,
1002 1854 1057 1902 aut
1072 1842 1231 1923 postulare
1253 1862 1326 1923 pro-

375 1942 534 2006 hibentur.
570 1944 615 2007 Et
624 1943 702 2005 licet
714 1942 853 2006 convicti
869 1954 960 2005 extra
971 1942 1114 2005 ordinem
1125 1942 1220 2006 hodie
1233 1943 1327 2025 puni-

374 2052 477 2120 antur,
492 2044 679 2127 plerumque
695 2041 886 2105 damnantur
900 2043 1009 2116 exili0,
1024 2044 1074 2106 vel
1090 2044 1186 2106 etiam
1206 2042 1328 2125 durius,

374 2156 470 2227 prout
480 2145 676 2208 admiserint.
714 2143 780 2208 Sed
790 2154 820 2207 et
830 2146 871 2207 ab
881 2144 1051 2208 heredibus
1060 2165 1156 2226 poena
1166 2147 1326 2227 repetitur.

375 2246 505 2330 Inspice
528 2248 624 2309 verba
645 2244 736 2326 legis,
760 2254 792 2308 et
814 2256 935 2329 quauta
957 2244 1177 2327 indignatione
1202 2247 1327 2309 crimen

374 2347 436 2411 hoc
463 2358 670 2431 persequatur
694 2346 833 2409 attende.
879 2347 927 2409 Ut
951 2347 1064 2418 unius,
1081 2346 1194 2429 inquit,
1218 2368 1327 2428 poena,

373 2458 478 2511 metus
493 2449 594 2531 possit
616 2467 686 2510 esse
701 2448 883 2521 multorum,
898 2444 1014 2508 ducem
1030 2445 1086 2528 qui
1106 2447 1188 2507 male
1204 2447 1270 2526 egit
1284 2446 1326 2509 ad

373 2549 581 2631 provinciam,
604 2566 701 2628 quam
722 2544 910 2619 nudaverat,
932 2563 1005 2605 cum
1029 2544 1175 2607 custodia
1196 2566 1325 2629 compe·

374 2650 454 2712 tenti
476 2649 521 2710 ire
543 2646 756 2729 praecipimus,
780 2653 903 2707 utnon
926 2646 1028 2708 solum
1051 2645 1139 2728 quod
1162 2648 1236 2728 egit,
1259 2670 1325 2711 non

372 2750 480 2811 dicam
502 2747 708 2821 domesticus,
732 2745 789 2809 sed
808 2746 1037 2829 manipularius
1055 2757 1087 2810 ct
1107 2748 1252 2811 minister
1273 2772 1325 2813 ac·

373 2850 469 2932 cepit,
490 2869 596 2911 verum
618 2861 655 2911 ut
676 2847 710 2910 id
732 2847 821 2931 quod
843 2848 913 2931 ipse
935 2870 954 2911 a
974 2846 1224 2932 provincialibus
1247 2852 1326 2915 meis

373 2952 488 3036 rapuit,
503 2962 558 3015 aut
578 2950 716 3025 sustulit,
737 2951 771 3012 in
795 2949 1008 3033 quadruplum
1028 2951 1148 3014 invitus
1168 2954 1322 3015 exsolvat.

374 3056 538 3135 itemque:
578 3054 699 3115 Omnes
722 3054 902 3134 cognitores
925 3063 957 3115 et
973 3051 1104 3136 judices
1125 3074 1144 3113 a
1167 3054 1323 3136 pecuniis,

373 3166 469 3238 atque
490 3154 690 3239 patrimoniis
710 3175 824 3217 manus
846 3153 1038 3231 abstineant,
1058 3176 1163 3238 neque
1186 3155 1325 3219 alienum

366 3256 508 3339 jurgium
531 3266 645 3339 putent
666 3277 755 3319 suam
782 3254 934 3338 praedam.
979 3255 1110 3317 Etenim
1133 3256 1324 3337 privatarum

342 3406 345 3411 .
370 3359 475 3421 litium
495 3360 651 3440 coguitor,
666 3358 818 3440 idemque
841 3368 1011 3431 mercator,
1031 3365 1180 3419 statutam
1199 3356 1324 3437 legibus

371 3470 503 3541 cogetur
516 3462 624 3523 subire
634 3460 803 3543 jacturam.
841 3460 886 3521 Et
900 3456 999 3520 illud:
1022 3458 1044 3520 J
1046 3458 1179 3519 ubemus
1195 3479 1323 3543 quoque

371 3572 402 3623 et
411 3560 584 3638 hortamur,
592 3572 637 3637 ut,
647 3561 674 3622 si
684 3560 755 3644 quis
763 3559 844 3623 forte
855 3560 1092 3632 honoratorum,
1104 3559 1324 3640 decurionum,

370 3682 600 3745 possessorum,
616 3675 775 3744 postremo
791 3661 885 3724 etiarn
907 3662 1103 3738 colonorum,
1118 3682 1138 3724 a
1153 3661 1323 3747 cujuslibet

369 3764 491 3828 ordinis
499 3764 612 3848 judice
626 3762 722 3826 fuerit
737 3761 845 3845 aliqua
858 3762 982 3824 ratione
998 3782 1186 3840 concussus,
1201 3764 1228 3826 si
1249 3765 1321 3847 quis

370 3867 451 3930 sciat
467 3868 611 3929 venalem
632 3864 672 3927 de
689 3863 761 3948 jure
783 3864 881 3927 fuisse
896 3864 1100 3939 sententiam,
1116 3866 1141 3928 si
1158 3866 1230 3948 quis
1252 3888 1322 3949 poe·

369 3989 443 4031 nam
460 3970 508 4030 rel
523 3968 630 4051 precio
649 3965 824 4040 remissam,
841 3965 891 4027 vel
912 3965 988 4029 vitio
1008 3963 1192 4047 cupiditatis
1213 3968 1320 4045 iuges·

371 4079 452 4133 tam:
477 4071 504 4132 si
517 4071 589 4153 quis
601 4080 760 4153 postremo
773 4087 964 4149 quacunque
976 4065 1018 4129 de
1030 4087 1127 4129 causa
1137 4068 1320 4149 improbum

363 4172 508 4255 judicem
529 4172 669 4255 potuerit
688 4170 877 4252 approbare,
890 4169 918 4230 is
938 4169 987 4230 vel
1009 4167 1250 4233 administrante
1271 4193 1323 4250 eo,

370 4274 418 4336 rel
448 4284 522 4355 post
552 4271 860 4337 administrationem
890 4270 1068 4352 depositam
1092 4270 1127 4332 in
1156 4273 1320 4353 publicum
