<?xml version="1.0" encoding="UTF-8"?>
<!DOCTYPE html PUBLIC "-//W3C//DTD XHTML 1.0 Transitional//EN"
    "http://www.w3.org/TR/xhtml1/DTD/xhtml1-transitional.dtd">
<html xmlns="http://www.w3.org/1999/xhtml" xml:lang="en" lang="en">
 <head>
  <title>
</title>
<meta http-equiv="Content-Type" content="text/html;charset=utf-8" />
  <meta name='ocr-system' content='tesseract 3.04.00' />
  <meta name='ocr-capabilities' content='ocr_page ocr_carea ocr_par ocr_line ocrx_word'/>
</head>
<body>
  <div class='ocr_page' id='page_1' title='image "./joannissaresber06johngoog_0234.png"; bbox 0 0 3384 5234; ppageno 0'>
   <div class='ocr_carea' id='block_1_1' title="bbox 431 668 1386 746">
    <p class='ocr_par' dir='ltr' id='par_1_1' title="bbox 431 668 1386 746">
     <span class='ocr_line' id='line_1_1' title="bbox 431 668 1386 746; baseline -0.003 -13"><span class='ocrx_word' id='word_1_1' title='bbox 431 676 494 733; x_wconf 72' lang='lat'>226</span> <span class='ocrx_word' id='word_1_2' title='bbox 690 684 825 731; x_wconf 77' lang='lat' dir='ltr'>rosnnsr</span> <span class='ocrx_word' id='word_1_3' title='bbox 842 685 1126 734; x_wconf 76' lang='lat' dir='ltr'>saansaanrmsrs</span> <span class='ocrx_word' id='word_1_4' title='bbox 1244 668 1323 746; x_wconf 85' lang='lat' dir='ltr'>[ms.</span> <span class='ocrx_word' id='word_1_5' title='bbox 1342 685 1386 730; x_wconf 86' lang='lat' dir='ltr'>rv.</span> 
     </span>
    </p>
   </div>
   <div class='ocr_carea' id='block_1_2' title="bbox 404 833 1429 4375">
    <p class='ocr_par' dir='ltr' id='par_1_2' title="bbox 404 833 1429 4375">
     <span class='ocr_line' id='line_1_2' title="bbox 432 833 1388 923; baseline -0.004 -19"><span class='ocrx_word' id='word_1_6' title='bbox 432 843 540 923; x_wconf 86' lang='lat' dir='ltr'><strong>Atque</strong></span> <span class='ocrx_word' id='word_1_7' title='bbox 557 838 602 902; x_wconf 88' lang='lat' dir='ltr'>ita</span> <span class='ocrx_word' id='word_1_8' title='bbox 617 835 824 901; x_wconf 85' lang='lat' dir='ltr'>Athenienses</span> <span class='ocrx_word' id='word_1_9' title='bbox 833 834 955 898; x_wconf 91' lang='lat' dir='ltr'>virtute</span> <span class='ocrx_word' id='word_1_10' title='bbox 969 833 1072 912; x_wconf 91' lang='lat' dir='ltr'>ducis,</span> <span class='ocrx_word' id='word_1_11' title='bbox 1083 856 1142 920; x_wconf 88' lang='lat' dir='ltr'>pro</span> <span class='ocrx_word' id='word_1_12' title='bbox 1157 834 1259 899; x_wconf 90' lang='lat' dir='ltr'>salute</span> <span class='ocrx_word' id='word_1_13' title='bbox 1274 839 1388 920; x_wconf 81' lang='lat' dir='ltr'>patriae</span> 
     </span>
     <span class='ocr_line' id='line_1_3' title="bbox 433 933 1387 1023; baseline -0.001 -20"><span class='ocrx_word' id='word_1_14' title='bbox 433 941 529 1003; x_wconf 87' lang='lat' dir='ltr'>morti</span> <span class='ocrx_word' id='word_1_15' title='bbox 544 960 576 1001; x_wconf 90' lang='lat' dir='ltr'>se</span> <span class='ocrx_word' id='word_1_16' title='bbox 590 936 763 1015; x_wconf 88' lang='lat' dir='ltr'>offerentis,</span> <span class='ocrx_word' id='word_1_17' title='bbox 779 934 864 999; x_wconf 93' lang='lat' dir='ltr'>bello</span> <span class='ocrx_word' id='word_1_18' title='bbox 882 933 1068 999; x_wconf 80' lang='lat' dir='ltr'><strong>liberantur.</strong></span> <span class='ocrx_word' id='word_1_19' title='bbox 1114 936 1198 999; x_wconf 85' lang='lat' dir='ltr'><strong>Item</strong></span> <span class='ocrx_word' id='word_1_20' title='bbox 1214 936 1387 1023; x_wconf 89' lang='lat' dir='ltr'>Lycurgus</span> 
     </span>
     <span class='ocr_line' id='line_1_4' title="bbox 433 1033 1388 1124; baseline -0.003 -20"><span class='ocrx_word' id='word_1_21' title='bbox 433 1040 466 1105; x_wconf 88' lang='lat' dir='ltr'>in</span> <span class='ocrx_word' id='word_1_22' title='bbox 478 1062 576 1124; x_wconf 90' lang='lat' dir='ltr'>regno</span> <span class='ocrx_word' id='word_1_23' title='bbox 587 1061 644 1102; x_wconf 92' lang='lat' dir='ltr'>suo</span> <span class='ocrx_word' id='word_1_24' title='bbox 656 1038 783 1101; x_wconf 89' lang='lat' dir='ltr'>decreta</span> <span class='ocrx_word' id='word_1_25' title='bbox 794 1037 1004 1112; x_wconf 90' lang='lat' dir='ltr'>constituens,</span> <span class='ocrx_word' id='word_1_26' title='bbox 1016 1033 1172 1121; x_wconf 93' lang='lat' dir='ltr'>populum</span> <span class='ocrx_word' id='word_1_27' title='bbox 1186 1036 1219 1098; x_wconf 91' lang='lat' dir='ltr'>in</span> <span class='ocrx_word' id='word_1_28' title='bbox 1234 1037 1388 1123; x_wconf 90' lang='lat' dir='ltr'>obsequia</span> 
     </span>
     <span class='ocr_line' id='line_1_5' title="bbox 404 1123 1388 1228; baseline -0.002 -24"><span class='ocrx_word' id='word_1_29' title='bbox 404 1123 412 1133; x_wconf 47' lang='lat'><strong>⁴</strong></span> <span class='ocrx_word' id='word_1_30' title='bbox 434 1141 626 1228; x_wconf 86' lang='lat' dir='ltr'>principum,</span> <span class='ocrx_word' id='word_1_31' title='bbox 638 1139 797 1225; x_wconf 84' lang='lat' dir='ltr'>principes</span> <span class='ocrx_word' id='word_1_32' title='bbox 812 1137 853 1201; x_wconf 87' lang='lat' dir='ltr'>ad</span> <span class='ocrx_word' id='word_1_33' title='bbox 865 1138 1024 1223; x_wconf 84' lang='lat' dir='ltr'>justitiam</span> <span class='ocrx_word' id='word_1_34' title='bbox 1040 1136 1212 1221; x_wconf 89' lang='lat' dir='ltr'>impiorum</span> <span class='ocrx_word' id='word_1_35' title='bbox 1228 1140 1388 1203; x_wconf 84' lang='lat' dir='ltr'>firmavit:</span> 
     </span>
     <span class='ocr_line' id='line_1_6' title="bbox 433 1237 1389 1326; baseline -0.002 -20"><span class='ocrx_word' id='word_1_36' title='bbox 433 1245 505 1307; x_wconf 87' lang='lat' dir='ltr'>auri</span> <span class='ocrx_word' id='word_1_37' title='bbox 519 1242 706 1326; x_wconf 84' lang='lat' dir='ltr'>argentique</span> <span class='ocrx_word' id='word_1_38' title='bbox 723 1262 827 1316; x_wconf 91' lang='lat' dir='ltr'>usum,</span> <span class='ocrx_word' id='word_1_39' title='bbox 843 1251 876 1304; x_wconf 89' lang='lat' dir='ltr'>et</span> <span class='ocrx_word' id='word_1_40' title='bbox 897 1241 1038 1303; x_wconf 90' lang='lat' dir='ltr'>omnium</span> <span class='ocrx_word' id='word_1_41' title='bbox 1055 1237 1207 1304; x_wconf 89' lang='lat' dir='ltr'>scelerum</span> <span class='ocrx_word' id='word_1_42' title='bbox 1225 1241 1389 1304; x_wconf 82' lang='lat' dir='ltr'>materiam</span> 
     </span>
     <span class='ocr_line' id='line_1_7' title="bbox 436 1341 1389 1429; baseline -0.002 -21"><span class='ocrx_word' id='word_1_43' title='bbox 436 1342 583 1409; x_wconf 87' lang='lat' dir='ltr'>sustulit:</span> <span class='ocrx_word' id='word_1_44' title='bbox 607 1342 730 1408; x_wconf 89' lang='lat' dir='ltr'>senatui</span> <span class='ocrx_word' id='word_1_45' title='bbox 742 1341 920 1406; x_wconf 78' lang='lat' dir='ltr'>custodiam</span> <span class='ocrx_word' id='word_1_46' title='bbox 935 1341 1057 1425; x_wconf 80' lang='lat' dir='ltr'>legum,</span> <span class='ocrx_word' id='word_1_47' title='bbox 1066 1341 1188 1429; x_wconf 93' lang='lat' dir='ltr'>populo</span> <span class='ocrx_word' id='word_1_48' title='bbox 1203 1342 1389 1426; x_wconf 83' lang='lat' dir='ltr'>sublegendi</span> 
     </span>
     <span class='ocr_line' id='line_1_8' title="bbox 436 1442 1391 1530; baseline -0.002 -21"><span class='ocrx_word' id='word_1_49' title='bbox 436 1457 580 1509; x_wconf 87' lang='lat' dir='ltr'>senatum</span> <span class='ocrx_word' id='word_1_50' title='bbox 596 1455 786 1530; x_wconf 90' lang='lat' dir='ltr'>potestatem</span> <span class='ocrx_word' id='word_1_51' title='bbox 797 1442 897 1507; x_wconf 90' lang='lat' dir='ltr'>dedit.</span> <span class='ocrx_word' id='word_1_52' title='bbox 930 1443 1050 1507; x_wconf 87' lang='lat' dir='ltr'>Statuit</span> <span class='ocrx_word' id='word_1_53' title='bbox 1063 1444 1219 1528; x_wconf 88' lang='lat' dir='ltr'>virginem</span> <span class='ocrx_word' id='word_1_54' title='bbox 1235 1443 1301 1509; x_wconf 91' lang='lat' dir='ltr'>sine</span> <span class='ocrx_word' id='word_1_55' title='bbox 1316 1443 1391 1509; x_wconf 88' lang='lat' dir='ltr'>dote</span> 
     </span>
     <span class='ocr_line' id='line_1_9' title="bbox 435 1542 1391 1631; baseline 0 -22"><span class='ocrx_word' id='word_1_56' title='bbox 435 1545 567 1620; x_wconf 88' lang='lat' dir='ltr'>nubere,</span> <span class='ocrx_word' id='word_1_57' title='bbox 589 1558 626 1610; x_wconf 89' lang='lat' dir='ltr'>ut</span> <span class='ocrx_word' id='word_1_58' title='bbox 650 1568 766 1609; x_wconf 86' lang='lat' dir='ltr'>uxores</span> <span class='ocrx_word' id='word_1_59' title='bbox 791 1542 996 1629; x_wconf 85' lang='lat' dir='ltr'>eligerentur,</span> <span class='ocrx_word' id='word_1_60' title='bbox 1019 1567 1082 1607; x_wconf 90' lang='lat' dir='ltr'>non</span> <span class='ocrx_word' id='word_1_61' title='bbox 1106 1546 1251 1631; x_wconf 87' lang='lat' dir='ltr'>pecunia.</span> <span class='ocrx_word' id='word_1_62' title='bbox 1297 1546 1391 1609; x_wconf 84' lang='lat' dir='ltr'>Max-</span> 
     </span>
     <span class='ocr_line' id='line_1_10' title="bbox 437 1644 1388 1731; baseline -0.002 -19"><span class='ocrx_word' id='word_1_63' title='bbox 437 1648 537 1712; x_wconf 90' lang='lat' dir='ltr'>imum</span> <span class='ocrx_word' id='word_1_64' title='bbox 552 1647 701 1709; x_wconf 78' lang='lat' dir='ltr'>homnem</span> <span class='ocrx_word' id='word_1_65' title='bbox 728 1668 784 1731; x_wconf 92' lang='lat' dir='ltr'>pro</span> <span class='ocrx_word' id='word_1_66' title='bbox 804 1644 908 1729; x_wconf 89' lang='lat' dir='ltr'>gradu</span> <span class='ocrx_word' id='word_1_67' title='bbox 930 1644 1034 1708; x_wconf 74' lang='lat' dir='ltr'>aetatis</span> <span class='ocrx_word' id='word_1_68' title='bbox 1056 1668 1167 1709; x_wconf 89' lang='lat' dir='ltr'>senum</span> <span class='ocrx_word' id='word_1_69' title='bbox 1183 1670 1250 1710; x_wconf 91' lang='lat' dir='ltr'>esse</span> <span class='ocrx_word' id='word_1_70' title='bbox 1266 1645 1388 1719; x_wconf 87' lang='lat' dir='ltr'>voluit;</span> 
     </span>
     <span class='ocr_line' id='line_1_11' title="bbox 436 1747 1391 1835; baseline -0.003 -21"><span class='ocrx_word' id='word_1_71' title='bbox 436 1773 494 1814; x_wconf 89' lang='lat' dir='ltr'>nee</span> <span class='ocrx_word' id='word_1_72' title='bbox 509 1771 582 1813; x_wconf 88' lang='lat' dir='ltr'>sane</span> <span class='ocrx_word' id='word_1_73' title='bbox 597 1770 734 1835; x_wconf 90' lang='lat' dir='ltr'>usquam</span> <span class='ocrx_word' id='word_1_74' title='bbox 753 1761 847 1812; x_wconf 87' lang='lat' dir='ltr'>terrae</span> <span class='ocrx_word' id='word_1_75' title='bbox 868 1747 973 1812; x_wconf 89' lang='lat' dir='ltr'>locum</span> <span class='ocrx_word' id='word_1_76' title='bbox 989 1747 1221 1813; x_wconf 87' lang='lat' dir='ltr'>honoratiorem</span> <span class='ocrx_word' id='word_1_77' title='bbox 1247 1763 1391 1813; x_wconf 86' lang='lat' dir='ltr'>senectus</span> 
     </span>
     <span class='ocr_line' id='line_1_12' title="bbox 437 1850 1392 1935; baseline -0.002 -20"><span class='ocrx_word' id='word_1_78' title='bbox 437 1852 544 1917; x_wconf 87' lang='lat' dir='ltr'>habet.</span> <span class='ocrx_word' id='word_1_79' title='bbox 597 1850 722 1914; x_wconf 87' lang='lat' dir='ltr'>Deinde</span> <span class='ocrx_word' id='word_1_80' title='bbox 749 1861 784 1915; x_wconf 90' lang='lat' dir='ltr'>ut</span> <span class='ocrx_word' id='word_1_81' title='bbox 810 1851 1021 1914; x_wconf 80' lang='lat' dir='ltr'>aeternitatem</span> <span class='ocrx_word' id='word_1_82' title='bbox 1049 1851 1115 1914; x_wconf 89' lang='lat' dir='ltr'>suis</span> <span class='ocrx_word' id='word_1_83' title='bbox 1140 1850 1265 1935; x_wconf 91' lang='lat' dir='ltr'>legibus</span> <span class='ocrx_word' id='word_1_84' title='bbox 1289 1851 1392 1926; x_wconf 90' lang='lat' dir='ltr'>daret,</span> 
     </span>
     <span class='ocr_line' id='line_1_13' title="bbox 434 1950 1394 2040; baseline -0.001 -24"><span class='ocrx_word' id='word_1_85' title='bbox 434 1952 646 2040; x_wconf 86' lang='lat' dir='ltr'>jurejurando</span> <span class='ocrx_word' id='word_1_86' title='bbox 667 1952 790 2037; x_wconf 89' lang='lat' dir='ltr'>obligat</span> <span class='ocrx_word' id='word_1_87' title='bbox 809 1950 982 2031; x_wconf 89' lang='lat' dir='ltr'>civitatem,</span> <span class='ocrx_word' id='word_1_88' title='bbox 997 1951 1076 2016; x_wconf 88' lang='lat' dir='ltr'>nihil</span> <span class='ocrx_word' id='word_1_89' title='bbox 1099 1976 1153 2016; x_wconf 90' lang='lat' dir='ltr'>eos</span> <span class='ocrx_word' id='word_1_90' title='bbox 1174 1954 1215 2017; x_wconf 92' lang='lat' dir='ltr'>de</span> <span class='ocrx_word' id='word_1_91' title='bbox 1234 1955 1302 2038; x_wconf 89' lang='lat' dir='ltr'>ejus</span> <span class='ocrx_word' id='word_1_92' title='bbox 1317 1952 1394 2038; x_wconf 91' lang='lat' dir='ltr'>legi-</span> 
     </span>
     <span class='ocr_line' id='line_1_14' title="bbox 441 2055 1394 2141; baseline -0.003 -22"><span class='ocrx_word' id='word_1_93' title='bbox 441 2056 501 2119; x_wconf 94' lang='lat' dir='ltr'>bus</span> <span class='ocrx_word' id='word_1_94' title='bbox 515 2065 892 2141; x_wconf 64' lang='lat' dir='ltr'>mutaturosantequam</span> <span class='ocrx_word' id='word_1_95' title='bbox 909 2065 1131 2118; x_wconf 87' lang='lat' dir='ltr'>reverteretur.</span> <span class='ocrx_word' id='word_1_96' title='bbox 1177 2055 1394 2119; x_wconf 86' lang='lat' dir='ltr'>Proficiscitur</span> 
     </span>
     <span class='ocr_line' id='line_1_15' title="bbox 440 2153 1395 2241; baseline 0 -22"><span class='ocrx_word' id='word_1_97' title='bbox 440 2167 547 2219; x_wconf 87' lang='lat' dir='ltr'>autem</span> <span class='ocrx_word' id='word_1_98' title='bbox 567 2155 708 2230; x_wconf 87' lang='lat' dir='ltr'>Cretam,</span> <span class='ocrx_word' id='word_1_99' title='bbox 723 2154 768 2219; x_wconf 93' lang='lat' dir='ltr'>ibi</span> <span class='ocrx_word' id='word_1_100' title='bbox 783 2167 975 2240; x_wconf 87' lang='lat' dir='ltr'>perpetuum</span> <span class='ocrx_word' id='word_1_101' title='bbox 997 2153 1128 2219; x_wconf 82' lang='lat' dir='ltr'>exilium</span> <span class='ocrx_word' id='word_1_102' title='bbox 1142 2155 1219 2237; x_wconf 88' lang='lat' dir='ltr'>egit,</span> <span class='ocrx_word' id='word_1_103' title='bbox 1236 2156 1395 2241; x_wconf 89' lang='lat' dir='ltr'>abjicique</span> 
     </span>
     <span class='ocr_line' id='line_1_16' title="bbox 441 2255 1396 2341; baseline 0.003 -22"><span class='ocrx_word' id='word_1_104' title='bbox 441 2255 578 2319; x_wconf 89' lang='lat' dir='ltr'>moriens</span> <span class='ocrx_word' id='word_1_105' title='bbox 598 2278 668 2318; x_wconf 92' lang='lat' dir='ltr'>ossa</span> <span class='ocrx_word' id='word_1_106' title='bbox 688 2277 744 2320; x_wconf 87' lang='lat' dir='ltr'>sua</span> <span class='ocrx_word' id='word_1_107' title='bbox 766 2255 798 2317; x_wconf 90' lang='lat' dir='ltr'>in</span> <span class='ocrx_word' id='word_1_108' title='bbox 821 2278 908 2318; x_wconf 91' lang='lat' dir='ltr'>mare</span> <span class='ocrx_word' id='word_1_109' title='bbox 925 2256 1035 2341; x_wconf 88' lang='lat' dir='ltr'>jussit,</span> <span class='ocrx_word' id='word_1_110' title='bbox 1051 2278 1090 2319; x_wconf 93' lang='lat' dir='ltr'>ne</span> <span class='ocrx_word' id='word_1_111' title='bbox 1113 2255 1221 2320; x_wconf 89' lang='lat' dir='ltr'>relatis</span> <span class='ocrx_word' id='word_1_112' title='bbox 1244 2258 1396 2322; x_wconf 83' lang='lat' dir='ltr'>Lacedae-</span> 
     </span>
     <span class='ocr_line' id='line_1_17' title="bbox 441 2355 1396 2443; baseline 0.001 -22"><span class='ocrx_word' id='word_1_113' title='bbox 441 2379 565 2421; x_wconf 89' lang='lat' dir='ltr'>monem</span> <span class='ocrx_word' id='word_1_114' title='bbox 578 2355 700 2421; x_wconf 87' lang='lat' dir='ltr'>solutos</span> <span class='ocrx_word' id='word_1_115' title='bbox 712 2379 743 2420; x_wconf 91' lang='lat' dir='ltr'>se</span> <span class='ocrx_word' id='word_1_116' title='bbox 754 2355 906 2440; x_wconf 88' lang='lat' dir='ltr'>religione</span> <span class='ocrx_word' id='word_1_117' title='bbox 917 2356 1128 2443; x_wconf 85' lang='lat' dir='ltr'>jurisjurandi</span> <span class='ocrx_word' id='word_1_118' title='bbox 1139 2357 1174 2420; x_wconf 91' lang='lat' dir='ltr'>in</span> <span class='ocrx_word' id='word_1_119' title='bbox 1185 2357 1396 2422; x_wconf 89' lang='lat' dir='ltr'>dissolvendis</span> 
     </span>
     <span class='ocr_line' id='line_1_18' title="bbox 441 2456 1395 2544; baseline 0 -21"><span class='ocrx_word' id='word_1_120' title='bbox 441 2458 564 2542; x_wconf 87' lang='lat' dir='ltr'>legibus</span> <span class='ocrx_word' id='word_1_121' title='bbox 577 2457 819 2521; x_wconf 83' lang='lat' dir='ltr'>arbitrarentur.</span> <span class='ocrx_word' id='word_1_122' title='bbox 852 2456 915 2520; x_wconf 90' lang='lat' dir='ltr'>His</span> <span class='ocrx_word' id='word_1_123' title='bbox 931 2458 1059 2543; x_wconf 91' lang='lat' dir='ltr'>quidem</span> <span class='ocrx_word' id='word_1_124' title='bbox 1075 2458 1228 2544; x_wconf 80' lang='lat' dir='ltr'>exemplis</span> <span class='ocrx_word' id='word_1_125' title='bbox 1242 2480 1281 2522; x_wconf 93' lang='lat' dir='ltr'>eo</span> <span class='ocrx_word' id='word_1_126' title='bbox 1295 2459 1395 2524; x_wconf 90' lang='lat' dir='ltr'>liben-</span> 
     </span>
     <span class='ocr_line' id='line_1_19' title="bbox 425 2557 1396 2645; baseline 0 -20"><span class='ocrx_word' id='word_1_127' title='bbox 425 2586 428 2589; x_wconf 53' lang='lat'><strong>⁴</strong></span> <span class='ocrx_word' id='word_1_128' title='bbox 441 2558 507 2625; x_wconf 89' lang='lat' dir='ltr'>tius</span> <span class='ocrx_word' id='word_1_129' title='bbox 522 2572 607 2640; x_wconf 90' lang='lat' dir='ltr'>utor,</span> <span class='ocrx_word' id='word_1_130' title='bbox 616 2558 702 2645; x_wconf 94' lang='lat' dir='ltr'>quod</span> <span class='ocrx_word' id='word_1_131' title='bbox 718 2557 907 2645; x_wconf 87' lang='lat' dir='ltr'>Apostolum</span> <span class='ocrx_word' id='word_1_132' title='bbox 924 2559 1061 2625; x_wconf 89' lang='lat' dir='ltr'>Paulum</span> <span class='ocrx_word' id='word_1_133' title='bbox 1076 2559 1193 2626; x_wconf 87' lang='lat' dir='ltr'>eisdem</span> <span class='ocrx_word' id='word_1_134' title='bbox 1210 2584 1302 2625; x_wconf 90' lang='lat' dir='ltr'>nsum</span> <span class='ocrx_word' id='word_1_135' title='bbox 1318 2561 1396 2626; x_wconf 88' lang='lat' dir='ltr'>dum</span> 
     </span>
     <span class='ocr_line' id='line_1_20' title="bbox 443 2646 1397 2748; baseline 0.002 -24"><span class='ocrx_word' id='word_1_136' title='bbox 443 2660 695 2725; x_wconf 87' lang='lat' dir='ltr'>Atheniensibus</span> <span class='ocrx_word' id='word_1_137' title='bbox 720 2659 921 2745; x_wconf 75' lang='lat' dir='ltr'>praedicaret,</span> <span class='ocrx_word' id='word_1_138' title='bbox 943 2659 1080 2726; x_wconf 86' lang='lat' dir='ltr'>invenio.</span> <span class='ocrx_word' id='word_1_139' title='bbox 1125 2646 1257 2727; x_wconf 73' lang='lat' dir='ltr'>studui&#39;t</span> <span class='ocrx_word' id='word_1_140' title='bbox 1279 2662 1397 2748; x_wconf 89' lang='lat' dir='ltr'>praedi-</span> 
     </span>
     <span class='ocr_line' id='line_1_21' title="bbox 443 2759 1396 2847; baseline -0.001 -21"><span class='ocrx_word' id='word_1_141' title='bbox 443 2774 532 2826; x_wconf 88' lang='lat' dir='ltr'>cator</span> <span class='ocrx_word' id='word_1_142' title='bbox 545 2764 693 2847; x_wconf 90' lang='lat' dir='ltr'>egregius</span> <span class='ocrx_word' id='word_1_143' title='bbox 712 2762 826 2825; x_wconf 86' lang='lat' dir='ltr'>Jesum</span> <span class='ocrx_word' id='word_1_144' title='bbox 848 2759 1026 2838; x_wconf 87' lang='lat' dir='ltr'>Christum,</span> <span class='ocrx_word' id='word_1_145' title='bbox 1040 2772 1073 2825; x_wconf 94' lang='lat' dir='ltr'>et</span> <span class='ocrx_word' id='word_1_146' title='bbox 1088 2760 1174 2826; x_wconf 92' lang='lat' dir='ltr'>hunc</span> <span class='ocrx_word' id='word_1_147' title='bbox 1194 2761 1396 2837; x_wconf 83' lang='lat' dir='ltr'>crucifixum,</span> 
     </span>
     <span class='ocr_line' id='line_1_22' title="bbox 444 2862 1398 2947; baseline -0.001 -21"><span class='ocrx_word' id='word_1_148' title='bbox 444 2863 489 2927; x_wconf 90' lang='lat' dir='ltr'>sic</span> <span class='ocrx_word' id='word_1_149' title='bbox 504 2864 665 2928; x_wconf 91' lang='lat' dir='ltr'>mentibus</span> <span class='ocrx_word' id='word_1_150' title='bbox 680 2884 790 2927; x_wconf 91' lang='lat' dir='ltr'>eorum</span> <span class='ocrx_word' id='word_1_151' title='bbox 810 2862 966 2947; x_wconf 86' lang='lat' dir='ltr'>ingerere,</span> <span class='ocrx_word' id='word_1_152' title='bbox 982 2874 1020 2925; x_wconf 90' lang='lat' dir='ltr'>ut</span> <span class='ocrx_word' id='word_1_153' title='bbox 1034 2884 1093 2947; x_wconf 90' lang='lat' dir='ltr'>per</span> <span class='ocrx_word' id='word_1_154' title='bbox 1106 2862 1312 2946; x_wconf 88' lang='lat' dir='ltr'>ignominiam</span> <span class='ocrx_word' id='word_1_155' title='bbox 1326 2885 1398 2927; x_wconf 86' lang='lat' dir='ltr'>cru-</span> 
     </span>
     <span class='ocr_line' id='line_1_23' title="bbox 446 2961 1398 3049; baseline 0 -21"><span class='ocrx_word' id='word_1_156' title='bbox 446 2964 501 3046; x_wconf 87' lang='lat' dir='ltr'>cis,</span> <span class='ocrx_word' id='word_1_157' title='bbox 522 2964 739 3030; x_wconf 89' lang='lat' dir='ltr'>liberationem</span> <span class='ocrx_word' id='word_1_158' title='bbox 761 2963 946 3042; x_wconf 89' lang='lat' dir='ltr'>multorum,</span> <span class='ocrx_word' id='word_1_159' title='bbox 968 2961 1115 3049; x_wconf 87' lang='lat' dir='ltr'>exemplo</span> <span class='ocrx_word' id='word_1_160' title='bbox 1135 2964 1301 3049; x_wconf 88' lang='lat' dir='ltr'>gentilium</span> <span class='ocrx_word' id='word_1_161' title='bbox 1324 2987 1398 3049; x_wconf 92' lang='lat' dir='ltr'>pro-</span> 
     </span>
     <span class='ocr_line' id='line_1_24' title="bbox 445 3064 1398 3153; baseline 0.001 -24"><span class='ocrx_word' id='word_1_162' title='bbox 445 3068 577 3147; x_wconf 81' lang='lat' dir='ltr'>venisse,</span> <span class='ocrx_word' id='word_1_163' title='bbox 593 3065 729 3131; x_wconf 90' lang='lat' dir='ltr'>doceret.</span> <span class='ocrx_word' id='word_1_164' title='bbox 768 3065 830 3130; x_wconf 87' lang='lat' dir='ltr'>Sed</span> <span class='ocrx_word' id='word_1_165' title='bbox 845 3078 878 3130; x_wconf 90' lang='lat' dir='ltr'>et</span> <span class='ocrx_word' id='word_1_166' title='bbox 892 3066 955 3131; x_wconf 87' lang='lat' dir='ltr'>ista</span> <span class='ocrx_word' id='word_1_167' title='bbox 965 3065 1123 3153; x_wconf 87' lang='lat' dir='ltr'>persuasit</span> <span class='ocrx_word' id='word_1_168' title='bbox 1137 3065 1206 3131; x_wconf 88' lang='lat' dir='ltr'>fieri</span> <span class='ocrx_word' id='word_1_169' title='bbox 1220 3088 1282 3130; x_wconf 90' lang='lat' dir='ltr'>non</span> <span class='ocrx_word' id='word_1_170' title='bbox 1297 3064 1398 3132; x_wconf 88' lang='lat' dir='ltr'>solere</span> 
     </span>
     <span class='ocr_line' id='line_1_25' title="bbox 447 3166 1400 3255; baseline -0.001 -23"><span class='ocrx_word' id='word_1_171' title='bbox 447 3169 508 3234; x_wconf 89' lang='lat' dir='ltr'>nisi</span> <span class='ocrx_word' id='word_1_172' title='bbox 523 3168 555 3232; x_wconf 94' lang='lat' dir='ltr'>in</span> <span class='ocrx_word' id='word_1_173' title='bbox 572 3169 723 3254; x_wconf 89' lang='lat' dir='ltr'>sanguine</span> <span class='ocrx_word' id='word_1_174' title='bbox 740 3170 916 3253; x_wconf 80' lang='lat' dir='ltr'>justorum,</span> <span class='ocrx_word' id='word_1_175' title='bbox 931 3181 963 3233; x_wconf 88' lang='lat' dir='ltr'>et</span> <span class='ocrx_word' id='word_1_176' title='bbox 979 3190 1090 3232; x_wconf 89' lang='lat' dir='ltr'>eorum</span> <span class='ocrx_word' id='word_1_177' title='bbox 1106 3166 1162 3253; x_wconf 92' lang='lat' dir='ltr'>qui</span> <span class='ocrx_word' id='word_1_178' title='bbox 1184 3167 1296 3255; x_wconf 91' lang='lat' dir='ltr'>populi</span> <span class='ocrx_word' id='word_1_179' title='bbox 1310 3190 1400 3252; x_wconf 88' lang='lat' dir='ltr'>gere-</span> 
     </span>
     <span class='ocr_line' id='line_1_26' title="bbox 448 3269 1402 3356; baseline -0.003 -21"><span class='ocrx_word' id='word_1_180' title='bbox 448 3284 519 3336; x_wconf 92' lang='lat' dir='ltr'>rent</span> <span class='ocrx_word' id='word_1_181' title='bbox 541 3270 774 3356; x_wconf 85' lang='lat' dir='ltr'>magistratum.</span> <span class='ocrx_word' id='word_1_182' title='bbox 818 3272 919 3335; x_wconf 87' lang='lat' dir='ltr'>Porro</span> <span class='ocrx_word' id='word_1_183' title='bbox 940 3269 982 3334; x_wconf 86' lang='lat' dir='ltr'>ad</span> <span class='ocrx_word' id='word_1_184' title='bbox 1004 3269 1222 3337; x_wconf 89' lang='lat' dir='ltr'>liberationem</span> <span class='ocrx_word' id='word_1_185' title='bbox 1248 3269 1402 3349; x_wconf 89' lang='lat' dir='ltr'>omnium,</span> 
     </span>
     <span class='ocr_line' id='line_1_27' title="bbox 449 3370 1401 3456; baseline -0.002 -19"><span class='ocrx_word' id='word_1_186' title='bbox 449 3372 565 3437; x_wconf 89' lang='lat' dir='ltr'>scilicet</span> <span class='ocrx_word' id='word_1_187' title='bbox 582 3374 605 3435; x_wconf 88' lang='lat' dir='ltr'><strong>J</strong></span> <span class='ocrx_word' id='word_1_188' title='bbox 608 3370 774 3439; x_wconf 82' lang='lat' dir='ltr'>udaeorum</span> <span class='ocrx_word' id='word_1_189' title='bbox 794 3384 825 3435; x_wconf 92' lang='lat' dir='ltr'>et</span> <span class='ocrx_word' id='word_1_190' title='bbox 846 3374 1003 3456; x_wconf 90' lang='lat' dir='ltr'>gentium,</span> <span class='ocrx_word' id='word_1_191' title='bbox 1017 3394 1110 3437; x_wconf 90' lang='lat' dir='ltr'>nemo</span> <span class='ocrx_word' id='word_1_192' title='bbox 1125 3370 1281 3435; x_wconf 88' lang='lat' dir='ltr'>sufficiens</span> <span class='ocrx_word' id='word_1_193' title='bbox 1294 3370 1401 3456; x_wconf 90' lang='lat' dir='ltr'>potuit</span> 
     </span>
     <span class='ocr_line' id='line_1_28' title="bbox 450 3473 1404 3557; baseline -0.001 -19"><span class='ocrx_word' id='word_1_194' title='bbox 450 3475 598 3551; x_wconf 89' lang='lat' dir='ltr'>inveniri,</span> <span class='ocrx_word' id='word_1_195' title='bbox 613 3473 673 3538; x_wconf 91' lang='lat' dir='ltr'>nisi</span> <span class='ocrx_word' id='word_1_196' title='bbox 687 3473 740 3537; x_wconf 93' lang='lat' dir='ltr'>ille</span> <span class='ocrx_word' id='word_1_197' title='bbox 755 3473 806 3538; x_wconf 92' lang='lat' dir='ltr'>cui</span> <span class='ocrx_word' id='word_1_198' title='bbox 821 3474 854 3537; x_wconf 92' lang='lat' dir='ltr'>in</span> <span class='ocrx_word' id='word_1_199' title='bbox 870 3473 1080 3541; x_wconf 88' lang='lat' dir='ltr'>hereditatem</span> <span class='ocrx_word' id='word_1_200' title='bbox 1095 3474 1180 3541; x_wconf 84' lang='lat' dir='ltr'>datae</span> <span class='ocrx_word' id='word_1_201' title='bbox 1196 3487 1267 3539; x_wconf 92' lang='lat' dir='ltr'>suut</span> <span class='ocrx_word' id='word_1_202' title='bbox 1283 3485 1404 3557; x_wconf 83' lang='lat' dir='ltr'>gentes,</span> 
     </span>
     <span class='ocr_line' id='line_1_29' title="bbox 452 3574 1402 3661; baseline 0.002 -24"><span class='ocrx_word' id='word_1_203' title='bbox 452 3587 484 3639; x_wconf 88' lang='lat' dir='ltr'>et</span> <span class='ocrx_word' id='word_1_204' title='bbox 508 3574 666 3660; x_wconf 87' lang='lat' dir='ltr'>praefinita</span> <span class='ocrx_word' id='word_1_205' title='bbox 690 3587 738 3640; x_wconf 89' lang='lat' dir='ltr'>est</span> <span class='ocrx_word' id='word_1_206' title='bbox 764 3574 866 3639; x_wconf 90' lang='lat' dir='ltr'>omnis</span> <span class='ocrx_word' id='word_1_207' title='bbox 889 3589 975 3640; x_wconf 87' lang='lat' dir='ltr'>terra</span> <span class='ocrx_word' id='word_1_208' title='bbox 1002 3575 1157 3661; x_wconf 89' lang='lat' dir='ltr'>possessio</span> <span class='ocrx_word' id='word_1_209' title='bbox 1180 3576 1258 3660; x_wconf 87' lang='lat' dir='ltr'>ejus.</span> <span class='ocrx_word' id='word_1_210' title='bbox 1303 3576 1402 3639; x_wconf 89' lang='lat' dir='ltr'>Hune</span> 
     </span>
     <span class='ocr_line' id='line_1_30' title="bbox 451 3673 1406 3764; baseline 0.003 -27"><span class='ocrx_word' id='word_1_211' title='bbox 451 3687 557 3738; x_wconf 90' lang='lat' dir='ltr'>autem</span> <span class='ocrx_word' id='word_1_212' title='bbox 570 3675 666 3739; x_wconf 88' lang='lat' dir='ltr'>alium</span> <span class='ocrx_word' id='word_1_213' title='bbox 682 3700 750 3741; x_wconf 90' lang='lat' dir='ltr'>esse</span> <span class='ocrx_word' id='word_1_214' title='bbox 764 3699 826 3740; x_wconf 92' lang='lat' dir='ltr'>non</span> <span class='ocrx_word' id='word_1_215' title='bbox 838 3700 942 3761; x_wconf 90' lang='lat' dir='ltr'>posse,</span> <span class='ocrx_word' id='word_1_216' title='bbox 952 3699 1047 3764; x_wconf 90' lang='lat' dir='ltr'>quam</span> <span class='ocrx_word' id='word_1_217' title='bbox 1065 3676 1164 3741; x_wconf 86' lang='lat' dir='ltr'>filium</span> <span class='ocrx_word' id='word_1_218' title='bbox 1179 3673 1406 3759; x_wconf 87' lang='lat' dir='ltr'>omnipotentis</span> 
     </span>
     <span class='ocr_line' id='line_1_31' title="bbox 453 3777 1406 3865; baseline 0.003 -26"><span class='ocrx_word' id='word_1_219' title='bbox 453 3777 517 3840; x_wconf 90' lang='lat' dir='ltr'>Dei</span> <span class='ocrx_word' id='word_1_220' title='bbox 538 3780 684 3852; x_wconf 89' lang='lat' dir='ltr'>asseruit,</span> <span class='ocrx_word' id='word_1_221' title='bbox 708 3802 808 3864; x_wconf 90' lang='lat' dir='ltr'>quum</span> <span class='ocrx_word' id='word_1_222' title='bbox 830 3793 947 3865; x_wconf 80' lang='lat' dir='ltr'>praeter</span> <span class='ocrx_word' id='word_1_223' title='bbox 969 3782 1078 3844; x_wconf 91' lang='lat' dir='ltr'>Deum</span> <span class='ocrx_word' id='word_1_224' title='bbox 1103 3790 1224 3863; x_wconf 88' lang='lat' dir='ltr'>gentes,</span> <span class='ocrx_word' id='word_1_225' title='bbox 1245 3787 1278 3840; x_wconf 91' lang='lat' dir='ltr'>et</span> <span class='ocrx_word' id='word_1_226' title='bbox 1304 3788 1406 3842; x_wconf 90' lang='lat' dir='ltr'>terras</span> 
     </span>
     <span class='ocr_line' id='line_1_32' title="bbox 452 3876 1405 3965; baseline 0 -24"><span class='ocrx_word' id='word_1_227' title='bbox 452 3900 572 3955; x_wconf 84' lang='lat' dir='ltr'>omnes,</span> <span class='ocrx_word' id='word_1_228' title='bbox 592 3900 684 3942; x_wconf 92' lang='lat' dir='ltr'>nemo</span> <span class='ocrx_word' id='word_1_229' title='bbox 706 3881 877 3965; x_wconf 90' lang='lat' dir='ltr'>subegerit.</span> <span class='ocrx_word' id='word_1_230' title='bbox 922 3884 1007 3945; x_wconf 91' lang='lat' dir='ltr'>Dum</span> <span class='ocrx_word' id='word_1_231' title='bbox 1029 3902 1105 3964; x_wconf 90' lang='lat' dir='ltr'>ergo</span> <span class='ocrx_word' id='word_1_232' title='bbox 1127 3878 1170 3942; x_wconf 86' lang='lat' dir='ltr'>sic</span> <span class='ocrx_word' id='word_1_233' title='bbox 1190 3876 1293 3940; x_wconf 89' lang='lat' dir='ltr'>crucis</span> <span class='ocrx_word' id='word_1_234' title='bbox 1312 3876 1405 3961; x_wconf 88' lang='lat' dir='ltr'>igno-</span> 
     </span>
     <span class='ocr_line' id='line_1_33' title="bbox 455 3979 1406 4068; baseline -0.002 -25"><span class='ocrx_word' id='word_1_235' title='bbox 455 3979 584 4046; x_wconf 89' lang='lat' dir='ltr'>miniam</span> <span class='ocrx_word' id='word_1_236' title='bbox 600 3980 799 4067; x_wconf 81' lang='lat' dir='ltr'>praedicaret,</span> <span class='ocrx_word' id='word_1_237' title='bbox 815 3994 852 4048; x_wconf 90' lang='lat' dir='ltr'>ut</span> <span class='ocrx_word' id='word_1_238' title='bbox 866 3984 1008 4067; x_wconf 90' lang='lat' dir='ltr'>gentium</span> <span class='ocrx_word' id='word_1_239' title='bbox 1028 3981 1183 4068; x_wconf 86' lang='lat' dir='ltr'>paulatim</span> <span class='ocrx_word' id='word_1_240' title='bbox 1198 3992 1406 4044; x_wconf 89' lang='lat' dir='ltr'>evacuaretur</span> 
     </span>
     <span class='ocr_line' id='line_1_34' title="bbox 458 4080 1406 4168; baseline -0.001 -23"><span class='ocrx_word' id='word_1_241' title='bbox 458 4080 607 4160; x_wconf 91' lang='lat' dir='ltr'>stultitia,</span> <span class='ocrx_word' id='word_1_242' title='bbox 627 4085 740 4147; x_wconf 90' lang='lat' dir='ltr'>sensim</span> <span class='ocrx_word' id='word_1_243' title='bbox 762 4084 803 4148; x_wconf 90' lang='lat' dir='ltr'>ad</span> <span class='ocrx_word' id='word_1_244' title='bbox 826 4083 889 4148; x_wconf 90' lang='lat' dir='ltr'>Dei</span> <span class='ocrx_word' id='word_1_245' title='bbox 904 4082 1047 4161; x_wconf 90' lang='lat' dir='ltr'>verbum,</span> <span class='ocrx_word' id='word_1_246' title='bbox 1062 4081 1188 4168; x_wconf 90' lang='lat' dir='ltr'>Deique</span> <span class='ocrx_word' id='word_1_247' title='bbox 1207 4080 1406 4164; x_wconf 87' lang='lat' dir='ltr'>sapientiam,</span> 
     </span>
     <span class='ocr_line' id='line_1_35' title="bbox 455 4182 1410 4272; baseline -0.004 -22"><span class='ocrx_word' id='word_1_248' title='bbox 455 4199 487 4250; x_wconf 83' lang='lat' dir='ltr'>et</span> <span class='ocrx_word' id='word_1_249' title='bbox 501 4185 605 4272; x_wconf 90' lang='lat' dir='ltr'>ipsum</span> <span class='ocrx_word' id='word_1_250' title='bbox 616 4186 711 4251; x_wconf 91' lang='lat' dir='ltr'>etiam</span> <span class='ocrx_word' id='word_1_251' title='bbox 727 4186 844 4251; x_wconf 87' lang='lat' dir='ltr'>divinae</span> <span class='ocrx_word' id='word_1_252' title='bbox 856 4186 1030 4272; x_wconf 86' lang='lat' dir='ltr'>majestatis</span> <span class='ocrx_word' id='word_1_253' title='bbox 1041 4185 1163 4266; x_wconf 89' lang='lat' dir='ltr'>solium,</span> <span class='ocrx_word' id='word_1_254' title='bbox 1172 4184 1304 4248; x_wconf 92' lang='lat' dir='ltr'>verbum</span> <span class='ocrx_word' id='word_1_255' title='bbox 1321 4182 1410 4263; x_wconf 85' lang='lat' dir='ltr'>fidei,</span> 
     </span>
     <span class='ocr_line' id='line_1_36' title="bbox 457 4287 1429 4375; baseline -0.002 -24"><span class='ocrx_word' id='word_1_256' title='bbox 457 4300 489 4353; x_wconf 89' lang='lat' dir='ltr'>et</span> <span class='ocrx_word' id='word_1_257' title='bbox 505 4287 646 4374; x_wconf 86' lang='lat' dir='ltr'>linguam</span> <span class='ocrx_word' id='word_1_258' title='bbox 666 4288 884 4375; x_wconf 85' lang='lat' dir='ltr'>praedicatoris</span> <span class='ocrx_word' id='word_1_259' title='bbox 904 4291 1015 4354; x_wconf 85' lang='lat' dir='ltr'>erexit.</span> <span class='ocrx_word' id='word_1_260' title='bbox 1062 4289 1108 4353; x_wconf 91' lang='lat' dir='ltr'>Et</span> <span class='ocrx_word' id='word_1_261' title='bbox 1127 4311 1166 4353; x_wconf 90' lang='lat' dir='ltr'>ue</span> <span class='ocrx_word' id='word_1_262' title='bbox 1181 4287 1284 4352; x_wconf 88' lang='lat' dir='ltr'>virtus</span> <span class='ocrx_word' id='word_1_263' title='bbox 1303 4290 1429 4353; x_wconf 63' lang='lat' dir='ltr'>Evam·</span> 
     </span>
    </p>
   </div>
   <div class='ocr_carea' id='block_1_3' title="bbox 0 0 1728 5234">
    <p class='ocr_par' dir='ltr' id='par_1_3' title="bbox 0 0 1728 5234">
     <span class='ocr_line' id='line_1_37' title="bbox 0 0 1728 5234; baseline 0 0"><span class='ocrx_word' id='word_1_264' title='bbox 0 0 1728 5234; x_wconf 95' lang='lat' dir='ltr'> </span> 
     </span>
    </p>
   </div>
  </div>
 </body>
</html>
