3384 5234
321 687 390 734 cnr.
406 674 506 753 mn]
668 691 921 738 ronrcaarrcus.
1207 676 1268 740 117

319 840 398 923 quid
415 842 543 927 proprie
554 841 683 923 dicitur,
694 842 846 906 veraciter
862 842 1029 906 indicatur.
1067 845 1175 916 Quum
1190 863 1269 927 ergo

318 942 423 1025 ipsum
448 943 569 1029 aliquid
595 944 787 1029 praenovisse
816 944 977 1019 audimus,
999 943 1128 1007 minime
1154 943 1269 1006 intelli·

318 1043 423 1125 gimus
437 1044 528 1109 fluxu
545 1047 696 1131 temporis
715 1048 784 1131 ejus
799 1045 988 1131 praeteriisse
1004 1045 1164 1109 scientiam
1178 1070 1188 1119 3
1214 1045 1269 1108 sed

320 1142 345 1206 si
367 1146 535 1210 verborum
557 1160 703 1211 naturam
727 1146 901 1232 sequimur,
917 1149 1112 1231 praecessisse
1134 1134 1271 1232 tempus,

321 1267 386 1329 quo
415 1246 569 1311 veraciter
603 1247 764 1323 credatur,
786 1249 867 1332 ejus,
897 1247 985 1332 quod
1020 1248 1166 1311 futurum
1187 1261 1269 1324 erat,

319 1342 466 1409 habuisse
481 1347 636 1411 notitiam.
674 1347 726 1410 Sic
741 1345 853 1431 utique
867 1369 942 1410 eum
955 1347 996 1410 ab
1011 1358 1131 1409 aeterno
1146 1360 1269 1410 certum

320 1455 367 1507 est
382 1447 488 1509 omnia
507 1446 703 1531 praevidisse,
716 1468 779 1509 non
799 1446 888 1531 quod
909 1445 991 1510 visui
1013 1446 1082 1531 ejus
1097 1459 1187 1510 motu
1211 1468 1271 1510 suo

320 1544 491 1630 quicquam
513 1548 680 1612 subtrahat
701 1561 840 1632 tempus,
860 1546 926 1626 sed,
946 1546 1023 1631 quia
1045 1546 1102 1631 qui
1125 1546 1271 1612 universo

320 1658 462 1732 tempore
478 1661 592 1713 natura
607 1650 692 1735 prior
707 1662 766 1729 est,
781 1672 858 1713 suus
872 1651 978 1712 omnia
993 1670 1116 1733 semper
1130 1670 1272 1734 compre·

320 1747 441 1813 handat
460 1763 614 1835 aspectus.
660 1752 743 1837 Ejus
763 1773 839 1836 ergo
860 1750 1061 1835 providentia
1083 1748 1184 1811 insui
1206 1749 1271 1813 dis-

320 1848 477 1931 positione
492 1872 555 1913 non
570 1850 702 1930 fallitur,
714 1853 791 1936 quia
806 1873 875 1913 earn
892 1871 1015 1934 semper
1027 1848 1153 1933 sequela
1167 1847 1272 1933 operis

320 1949 499 2016 comitatur.
546 1951 608 2014 Sed
627 1974 683 2016 nec
705 1952 772 2015 falli
795 1963 912 2036 potest,
928 1949 1004 2035 quia
1026 1972 1083 2012 nec
1105 1970 1144 2011 ex
1166 1962 1271 2013 muta·

319 2049 444 2115 bilitate
458 2075 574 2130 rerum,
591 2076 648 2118 nec
663 2075 702 2117 ex
715 2052 867 2137 temporis
880 2053 969 2136 fuga,
980 2064 1037 2115 aut
1052 2050 1271 2127 versibilitate,

319 2163 423 2236 potest
437 2154 559 2241 aliquid
571 2154 794 2219 absconditum
806 2177 872 2217 esse
882 2154 924 2217 ab
937 2152 1037 2216 oculis
1048 2153 1128 2237 ejus.
1158 2152 1272 2215 Homi-

320 2251 368 2317 nis
391 2277 465 2319 vero
486 2255 555 2319 falli
578 2268 697 2342 potest,
717 2269 749 2320 et
769 2254 891 2319 fallitur
912 2253 1089 2339 dispositio,
1112 2252 1189 2339 quia
1210 2275 1271 2328 res,

319 2354 411 2439 cujus
422 2356 509 2440 apud
526 2378 558 2419 se
569 2355 789 2441 praefiguravit
805 2354 950 2440 speciem,
962 2378 1110 2440 processu
1122 2356 1274 2443 temporis

320 2466 377 2519 aut
391 2456 519 2520 omnino
534 2479 597 2520 uon
612 2459 730 2535 evenit,
743 2469 800 2520 aut
815 2459 849 2520 in
864 2456 926 2520 alia
940 2455 1043 2541 specie
1057 2457 1090 2519 in
1106 2445 1272 2541 publicum

321 2558 473 2639 procedit.
525 2560 593 2622 Nec
622 2572 727 2623 tamen
757 2581 970 2645 quaecumque
999 2558 1154 2643 praeteriti
1183 2559 1272 2623 verbi

321 2656 547 2741 significatione
558 2660 765 2736 clauduntur,
777 2660 872 2724 rebus
887 2672 962 2723 sunt
973 2660 1177 2744 aggreganda
1192 2682 1274 2745 prae·

321 2759 431 2823 teritis.
466 2763 533 2825 Nec
549 2762 574 2827 si
591 2785 640 2825 me
655 2764 772 2826 vixisse
787 2762 949 2847 profitear,
963 2760 1096 2825 florente
1111 2760 1273 2848 Peripate-

322 2859 387 2923 tico
400 2861 557 2943 Palatino,
567 2863 638 2927 ideo
649 2863 727 2926 mihi
742 2864 839 2928 vitam
851 2862 1000 2949 elapsam,
1012 2875 1066 2928 aut
1079 2865 1273 2947 praeteritam

320 2984 386 3025 esse
407 2963 567 3029 confiteor.
602 2968 681 3029 'Aut
706 2964 731 3028 si
753 2965 794 3028 ab
817 2964 974 3043 Arrianis,
996 2966 1145 3049 Eugenio
1166 2961 1274 3049 praesi-

321 3062 575 3145 dente‚dissensi,
583 3089 644 3129 non
654 3067 696 3130 ob
706 3065 860 3152 praeteriti
871 3069 1022 3152 temporis
1030 3064 1273 3150 gratiamafidei

320 3176 354 3226 et
378 3167 580 3231 confessionis
606 3167 693 3231 illius
717 3167 899 3251 integritate
922 3167 1049 3230 diverti.
1098 3164 1272 3242 Caeterum,

248 3328 251 3333 .
320 3269 397 3350 quia
421 3268 613 3353 quandoque
635 3292 747 3335 verum
773 3270 837 3334 fuit
859 3269 974 3347 dicere,
997 3272 1093 3333 Nunc
1119 3268 1205 3345 vivo,
1228 3268 1272 3331 sic

320 3367 432 3441 sentio,
455 3366 615 3451 eleganter
634 3381 666 3432 et
686 3391 760 3432 vere
779 3369 882 3433 fateor
903 3369 937 3431 in
958 3367 1176 3453 sequentibus,
1195 3368 1274 3453 quia

321 3478 398 3530 tunc
413 3468 491 3547 vixi,
506 3482 538 3533 et
553 3471 597 3536 sie
612 3471 706 3548 sensi,
718 3493 775 3535 nec
790 3483 895 3535 tamen
911 3468 1009 3534 vitam
1022 3470 1208 3556 praeteriisse
1222 3469 1273 3533 vel

284 3611 287 3616 »
322 3588 461 3635 sensum.
508 3569 580 3634 Scio
597 3584 704 3635 tamen
726 3571 800 3656 quis
814 3571 944 3647 dixerit,
960 3571 1035 3656 quia
1056 3574 1091 3635 in
1108 3570 1168 3635 hoc
1189 3593 1274 3635 erra-

321 3692 404 3745 mus,
430 3672 518 3757 quod
545 3684 679 3736 mortem
705 3694 768 3736 non
794 3672 1016 3757 prospicimus.
1052 3676 1174 3758 Magna
1199 3696 1274 3759 pars

320 3772 391 3856 ejus
407 3774 475 3857 jam
498 3774 662 3859 praeteriit.
700 3773 863 3859 Quicquid
887 3775 991 3839 aetatis
1010 3787 1097 3839 retro
1112 3789 1170 3848 est,
1188 3798 1273 3840 mors

321 3884 418 3939 tenet.
463 3876 525 3940 Sed
549 3886 635 3938 certe
652 3874 679 3937 si
694 3873 723 3936 ei
745 3873 841 3937 semel
862 3873 974 3939 fuisset
997 3874 1063 3939 vita
1084 3875 1202 3958 elapsa,
1216 3892 1272 3942 aut

323 3971 381 4037 hoc
401 3976 529 4039 omnino
545 3997 608 4038 non
627 3975 758 4051 diceret,
774 3986 831 4039 aut
853 3974 972 4039 diceret
987 3974 1160 4040 redivivus.
1198 3981 1274 4063 Non

322 4088 371 4140 est
385 4100 463 4161 ergo
484 4076 608 4141 necesse
627 4076 817 4160 praeteriisse
840 4076 997 4160 quicquid
1019 4077 1175 4160 praeteriti
1193 4093 1273 4142 tem·

323 4178 409 4260 poris
418 4167 615 4263 significatur
627 4179 735 4255 verbo,
744 4190 777 4241 et
786 4176 860 4240 licet
870 4178 1086 4262 praedestinati
1096 4177 1159 4242 sint
1170 4180 1272 4256 multi,

322 4297 385 4341 non
396 4276 469 4342 ideo
484 4278 559 4363 quia
573 4277 664 4341 electi
679 4290 764 4355 sunt,
779 4276 934 4362 praeteriit
949 4275 1196 4359 praedestinatio.
1227 4281 1273 4345 Et
