<?xml version="1.0" encoding="UTF-8"?>
<!DOCTYPE html PUBLIC "-//W3C//DTD XHTML 1.0 Transitional//EN"
    "http://www.w3.org/TR/xhtml1/DTD/xhtml1-transitional.dtd">
<html xmlns="http://www.w3.org/1999/xhtml" xml:lang="en" lang="en">
 <head>
  <title>
</title>
<meta http-equiv="Content-Type" content="text/html;charset=utf-8" />
  <meta name='ocr-system' content='tesseract 3.04.00' />
  <meta name='ocr-capabilities' content='ocr_page ocr_carea ocr_par ocr_line ocrx_word'/>
</head>
<body>
  <div class='ocr_page' id='page_1' title='image "./joannissaresber06johngoog_0179.png"; bbox 0 0 3384 5234; ppageno 0'>
   <div class='ocr_carea' id='block_1_1' title="bbox 372 686 1331 767">
    <p class='ocr_par' dir='ltr' id='par_1_1' title="bbox 372 686 1331 767">
     <span class='ocr_line' id='line_1_1' title="bbox 372 686 1331 767; baseline 0.001 -17"><span class='ocrx_word' id='word_1_1' title='bbox 372 706 442 751; x_wconf 78' lang='lat' dir='ltr'><strong>ena</strong></span> <span class='ocrx_word' id='word_1_2' title='bbox 464 686 527 767; x_wconf 72' lang='lat' dir='ltr'><strong>ru]</strong></span> <span class='ocrx_word' id='word_1_3' title='bbox 755 703 1010 750; x_wconf 75' lang='lat' dir='ltr'><strong>rosrcaamcus.</strong></span> <span class='ocrx_word' id='word_1_4' title='bbox 1269 692 1331 752; x_wconf 85' lang='grc'><strong>169</strong></span> 
     </span>
    </p>
   </div>
   <div class='ocr_carea' id='block_1_2' title="bbox 367 851 1326 1351">
    <p class='ocr_par' dir='ltr' id='par_1_2' title="bbox 367 851 1326 1351">
     <span class='ocr_line' id='line_1_2' title="bbox 368 851 1323 941; baseline -0.001 -21"><span class='ocrx_word' id='word_1_5' title='bbox 368 855 515 941; x_wconf 88' lang='lat' dir='ltr'><strong>subjiciat</strong></span> <span class='ocrx_word' id='word_1_6' title='bbox 527 853 684 921; x_wconf 84' lang='lat' dir='ltr'><strong>servituti.</strong></span> <span class='ocrx_word' id='word_1_7' title='bbox 732 854 930 919; x_wconf 88' lang='lat' dir='ltr'><strong>Histrionem</strong></span> <span class='ocrx_word' id='word_1_8' title='bbox 954 875 1022 918; x_wconf 89' lang='lat' dir='ltr'><strong>esse</strong></span> <span class='ocrx_word' id='word_1_9' title='bbox 1037 852 1087 919; x_wconf 82' lang='lat' dir='ltr'><strong>vel</strong></span> <span class='ocrx_word' id='word_1_10' title='bbox 1108 851 1255 936; x_wconf 89' lang='lat' dir='ltr'><strong>mimum,</strong></span> <span class='ocrx_word' id='word_1_11' title='bbox 1272 854 1323 919; x_wconf 89' lang='lat' dir='ltr'><strong>in-</strong></span> 
     </span>
     <span class='ocr_line' id='line_1_3' title="bbox 367 956 1324 1045; baseline -0.001 -22"><span class='ocrx_word' id='word_1_12' title='bbox 367 958 497 1023; x_wconf 81' lang='lat' dir='ltr'><strong>famiam</strong></span> <span class='ocrx_word' id='word_1_13' title='bbox 512 957 629 1042; x_wconf 85' lang='lat' dir='ltr'>ingerit</span> <span class='ocrx_word' id='word_1_14' title='bbox 643 957 702 1036; x_wconf 91' lang='lat' dir='ltr'><strong>his,</strong></span> <span class='ocrx_word' id='word_1_15' title='bbox 713 979 793 1045; x_wconf 90' lang='lat' dir='ltr'><strong>quos</strong></span> <span class='ocrx_word' id='word_1_16' title='bbox 808 967 938 1022; x_wconf 83' lang='lat' dir='ltr'><strong>atantae</strong></span> <span class='ocrx_word' id='word_1_17' title='bbox 952 956 1140 1041; x_wconf 89' lang='lat' dir='ltr'><strong>abjectionis</strong></span> <span class='ocrx_word' id='word_1_18' title='bbox 1154 956 1324 1044; x_wconf 87' lang='lat' dir='ltr'><strong>opprobrio</strong></span> 
     </span>
     <span class='ocr_line' id='line_1_4' title="bbox 367 1058 1325 1146; baseline 0.001 -22"><span class='ocrx_word' id='word_1_19' title='bbox 367 1072 490 1126; x_wconf 84' lang='lat' dir='ltr'><strong>naturae</strong></span> <span class='ocrx_word' id='word_1_20' title='bbox 505 1060 556 1126; x_wconf 88' lang='lat' dir='ltr'><strong>rel</strong></span> <span class='ocrx_word' id='word_1_21' title='bbox 571 1082 716 1146; x_wconf 78' lang='lat' dir='ltr'><strong>personas</strong></span> <span class='ocrx_word' id='word_1_22' title='bbox 731 1059 870 1144; x_wconf 75' lang='lat' dir='ltr'><strong>dignitas</strong></span> <span class='ocrx_word' id='word_1_23' title='bbox 881 1058 1008 1123; x_wconf 90' lang='lat' dir='ltr'><strong>videtur</strong></span> <span class='ocrx_word' id='word_1_24' title='bbox 1022 1058 1193 1145; x_wconf 83' lang='lat' dir='ltr'><strong>excepisse.</strong></span> <span class='ocrx_word' id='word_1_25' title='bbox 1224 1064 1325 1125; x_wconf 91' lang='lat' dir='ltr'><strong>Porro</strong></span> 
     </span>
     <span class='ocr_line' id='line_1_5' title="bbox 367 1161 1326 1247; baseline 0 -20"><span class='ocrx_word' id='word_1_26' title='bbox 367 1162 423 1247; x_wconf 91' lang='lat' dir='ltr'><strong>qui</strong></span> <span class='ocrx_word' id='word_1_27' title='bbox 433 1162 558 1227; x_wconf 82' lang='lat' dir='ltr'><strong>vultum</strong></span> <span class='ocrx_word' id='word_1_28' title='bbox 570 1162 676 1227; x_wconf 91' lang='lat' dir='ltr'><strong>induit</strong></span> <span class='ocrx_word' id='word_1_29' title='bbox 686 1162 840 1239; x_wconf 88' lang='lat' dir='ltr'><strong>alienum,</strong></span> <span class='ocrx_word' id='word_1_30' title='bbox 851 1172 885 1227; x_wconf 90' lang='lat' dir='ltr'><strong>et</strong></span> <span class='ocrx_word' id='word_1_31' title='bbox 895 1161 996 1225; x_wconf 85' lang='lat' dir='ltr'><strong>varias</strong></span> <span class='ocrx_word' id='word_1_32' title='bbox 1007 1162 1180 1227; x_wconf 84' lang='lat' dir='ltr'><strong>affectuum</strong></span> <span class='ocrx_word' id='word_1_33' title='bbox 1188 1161 1326 1229; x_wconf 89' lang='lat' dir='ltr'><strong>alternat</strong></span> 
     </span>
     <span class='ocr_line' id='line_1_6' title="bbox 369 1262 1179 1351; baseline 0.001 -22"><span class='ocrx_word' id='word_1_34' title='bbox 369 1265 474 1343; x_wconf 87' lang='lat' dir='ltr'><strong>facies,</strong></span> <span class='ocrx_word' id='word_1_35' title='bbox 490 1265 703 1330; x_wconf 83' lang='lat' dir='ltr'><strong>incolumitati</strong></span> <span class='ocrx_word' id='word_1_36' title='bbox 719 1287 871 1330; x_wconf 90' lang='lat' dir='ltr'><strong>sensuum</strong></span> <span class='ocrx_word' id='word_1_37' title='bbox 886 1262 1016 1329; x_wconf 90' lang='lat' dir='ltr'><strong>insidias</strong></span> <span class='ocrx_word' id='word_1_38' title='bbox 1030 1276 1131 1351; x_wconf 88' lang='lat' dir='ltr'><strong>parat,</strong></span> <span class='ocrx_word' id='word_1_39' title='bbox 1145 1277 1179 1330; x_wconf 93' lang='lat' dir='ltr'><strong>et</strong></span> 
     </span>
    </p>
   </div>
   <div class='ocr_carea' id='block_1_3' title="bbox 439 1399 1017 1468">
    <p class='ocr_par' dir='ltr' id='par_1_3' title="bbox 439 1399 1017 1468">
     <span class='ocr_line' id='line_1_7' title="bbox 439 1399 1017 1468; baseline 0 -16"><span class='ocrx_word' id='word_1_40' title='bbox 439 1400 563 1453; x_wconf 87' lang='lat' dir='ltr'><strong>Sordihus</strong></span> <span class='ocrx_word' id='word_1_41' title='bbox 575 1399 696 1454; x_wconf 78' lang='lat' dir='ltr'><strong>auriculis</strong></span> <span class='ocrx_word' id='word_1_42' title='bbox 708 1400 802 1453; x_wconf 85' lang='lat' dir='ltr'><strong>alienis</strong></span> <span class='ocrx_word' id='word_1_43' title='bbox 814 1399 916 1468; x_wconf 77' lang='lat' dir='ltr'><strong>colligit</strong></span> <span class='ocrx_word' id='word_1_44' title='bbox 927 1416 1017 1464; x_wconf 80' lang='lat' dir='ltr'><strong>eseas3</strong></span> 
     </span>
    </p>
   </div>
   <div class='ocr_carea' id='block_1_4' title="bbox 370 1518 1331 2736">
    <p class='ocr_par' dir='ltr' id='par_1_4' title="bbox 370 1518 1331 2736">
     <span class='ocr_line' id='line_1_8' title="bbox 370 1518 1326 1596; baseline 0 -11"><span class='ocrx_word' id='word_1_45' title='bbox 370 1531 403 1585; x_wconf 90' lang='lat' dir='ltr'><strong>et</strong></span> <span class='ocrx_word' id='word_1_46' title='bbox 429 1523 456 1586; x_wconf 94' lang='lat' dir='ltr'><strong>si</strong></span> <span class='ocrx_word' id='word_1_47' title='bbox 480 1520 665 1586; x_wconf 84' lang='lat' dir='ltr'><strong>histrionem</strong></span> <span class='ocrx_word' id='word_1_48' title='bbox 692 1521 791 1586; x_wconf 85' lang='lat' dir='ltr'><strong>verbo</strong></span> <span class='ocrx_word' id='word_1_49' title='bbox 816 1518 999 1596; x_wconf 87' lang='lat' dir='ltr'><strong>diffiteatur,</strong></span> <span class='ocrx_word' id='word_1_50' title='bbox 1026 1540 1101 1583; x_wconf 91' lang='lat' dir='ltr'><strong>eum</strong></span> <span class='ocrx_word' id='word_1_51' title='bbox 1127 1518 1268 1585; x_wconf 88' lang='lat' dir='ltr'><strong>moribus</strong></span> <span class='ocrx_word' id='word_1_52' title='bbox 1293 1531 1326 1585; x_wconf 91' lang='lat' dir='ltr'><strong>et</strong></span> 
     </span>
     <span class='ocr_line' id='line_1_9' title="bbox 371 1621 1326 1709; baseline 0 -23"><span class='ocrx_word' id='word_1_53' title='bbox 371 1622 568 1708; x_wconf 82' lang='lat' dir='ltr'><strong>turpitudine</strong></span> <span class='ocrx_word' id='word_1_54' title='bbox 591 1623 769 1688; x_wconf 86' lang='lat' dir='ltr'><strong>confitetur.</strong></span> <span class='ocrx_word' id='word_1_55' title='bbox 822 1621 920 1697; x_wconf 84' lang='lat' dir='ltr'><strong>Quod</strong></span> <span class='ocrx_word' id='word_1_56' title='bbox 942 1622 1143 1688; x_wconf 85' lang='lat' dir='ltr'><strong>assentatoris</strong></span> <span class='ocrx_word' id='word_1_57' title='bbox 1164 1622 1326 1709; x_wconf 88' lang='lat' dir='ltr'><strong>proprium</strong></span> 
     </span>
     <span class='ocr_line' id='line_1_10' title="bbox 371 1723 1327 1812; baseline 0 -23"><span class='ocrx_word' id='word_1_58' title='bbox 371 1724 495 1811; x_wconf 90' lang='lat' dir='ltr'><strong>estqui</strong></span> <span class='ocrx_word' id='word_1_59' title='bbox 517 1725 558 1790; x_wconf 91' lang='lat' dir='ltr'><strong>ad</strong></span> <span class='ocrx_word' id='word_1_60' title='bbox 580 1723 711 1790; x_wconf 91' lang='lat' dir='ltr'><strong>alterius</strong></span> <span class='ocrx_word' id='word_1_61' title='bbox 733 1723 811 1790; x_wconf 86' lang='lat' dir='ltr'><strong>vivit</strong></span> <span class='ocrx_word' id='word_1_62' title='bbox 837 1736 963 1801; x_wconf 89' lang='lat' dir='ltr'><strong>nutum,</strong></span> <span class='ocrx_word' id='word_1_63' title='bbox 979 1733 1013 1788; x_wconf 92' lang='lat' dir='ltr'><strong>et</strong></span> <span class='ocrx_word' id='word_1_64' title='bbox 1037 1735 1209 1812; x_wconf 88' lang='lat' dir='ltr'><strong>antequam</strong></span> <span class='ocrx_word' id='word_1_65' title='bbox 1233 1747 1327 1790; x_wconf 90' lang='lat' dir='ltr'><strong>suurn</strong></span> 
     </span>
     <span class='ocr_line' id='line_1_11' title="bbox 371 1824 1327 1914; baseline 0.001 -23"><span class='ocrx_word' id='word_1_66' title='bbox 371 1826 513 1914; x_wconf 80' lang='lat' dir='ltr'><strong>proferat</strong></span> <span class='ocrx_word' id='word_1_67' title='bbox 536 1826 706 1913; x_wconf 88' lang='lat' dir='ltr'><strong>judicium,</strong></span> <span class='ocrx_word' id='word_1_68' title='bbox 736 1825 777 1890; x_wconf 90' lang='lat' dir='ltr'><strong>de</strong></span> <span class='ocrx_word' id='word_1_69' title='bbox 812 1824 945 1910; x_wconf 89' lang='lat' dir='ltr'><strong>singulis</strong></span> <span class='ocrx_word' id='word_1_70' title='bbox 979 1837 1141 1911; x_wconf 85' lang='lat' dir='ltr'><strong>exspectat</strong></span> <span class='ocrx_word' id='word_1_71' title='bbox 1175 1826 1327 1893; x_wconf 79' lang='lat' dir='ltr'><strong>alienum.</strong></span> 
     </span>
     <span class='ocr_line' id='line_1_12' title="bbox 375 1928 1328 2017; baseline 0 -22"><span class='ocrx_word' id='word_1_72' title='bbox 375 1932 541 1995; x_wconf 85' lang='lat' dir='ltr'><strong>Coeterum</strong></span> <span class='ocrx_word' id='word_1_73' title='bbox 556 1929 662 2017; x_wconf 90' lang='lat' dir='ltr'><strong>palpo,</strong></span> <span class='ocrx_word' id='word_1_74' title='bbox 678 1928 734 2017; x_wconf 91' lang='lat' dir='ltr'><strong>qui</strong></span> <span class='ocrx_word' id='word_1_75' title='bbox 748 1939 857 1994; x_wconf 90' lang='lat' dir='ltr'><strong>tamen</strong></span> <span class='ocrx_word' id='word_1_76' title='bbox 873 1929 1077 1994; x_wconf 84' lang='lat' dir='ltr'><strong>assentatoris</strong></span> <span class='ocrx_word' id='word_1_77' title='bbox 1091 1930 1143 1994; x_wconf 85' lang='lat' dir='ltr'><strong>vel</strong></span> <span class='ocrx_word' id='word_1_78' title='bbox 1157 1929 1328 1996; x_wconf 90' lang='lat' dir='ltr'><strong>adulatoris</strong></span> 
     </span>
     <span class='ocr_line' id='line_1_13' title="bbox 373 2031 1331 2119; baseline 0.002 -21"><span class='ocrx_word' id='word_1_79' title='bbox 373 2044 521 2098; x_wconf 90' lang='lat' dir='ltr'><strong>censetur</strong></span> <span class='ocrx_word' id='word_1_80' title='bbox 540 2032 681 2115; x_wconf 88' lang='lat' dir='ltr'><strong>nomine,</strong></span> <span class='ocrx_word' id='word_1_81' title='bbox 696 2031 849 2119; x_wconf 88' lang='lat' dir='ltr'><strong>quoniam</strong></span> <span class='ocrx_word' id='word_1_82' title='bbox 868 2032 982 2097; x_wconf 88' lang='lat' dir='ltr'><strong>eadem</strong></span> <span class='ocrx_word' id='word_1_83' title='bbox 999 2054 1049 2097; x_wconf 88' lang='lat' dir='ltr'><strong>res</strong></span> <span class='ocrx_word' id='word_1_84' title='bbox 1069 2032 1180 2099; x_wconf 89' lang='lat' dir='ltr'><strong>multis</strong></span> <span class='ocrx_word' id='word_1_85' title='bbox 1201 2044 1331 2100; x_wconf 86' lang='lat' dir='ltr'><strong>notatur</strong></span> 
     </span>
     <span class='ocr_line' id='line_1_14' title="bbox 373 2134 1329 2222; baseline 0.003 -22"><span class='ocrx_word' id='word_1_86' title='bbox 373 2135 508 2220; x_wconf 88' lang='lat' dir='ltr'><strong>indiciis,</strong></span> <span class='ocrx_word' id='word_1_87' title='bbox 524 2135 691 2202; x_wconf 90' lang='lat' dir='ltr'><strong>hominum</strong></span> <span class='ocrx_word' id='word_1_88' title='bbox 713 2134 830 2200; x_wconf 90' lang='lat' dir='ltr'><strong>mentis</strong></span> <span class='ocrx_word' id='word_1_89' title='bbox 853 2135 1007 2221; x_wconf 80' lang='lat' dir='ltr'><strong>explorat,</strong></span> <span class='ocrx_word' id='word_1_90' title='bbox 1025 2146 1196 2222; x_wconf 82' lang='lat' dir='ltr'><strong>praetentat</strong></span> <span class='ocrx_word' id='word_1_91' title='bbox 1217 2137 1329 2203; x_wconf 87' lang='lat' dir='ltr'><strong>volun·</strong></span> 
     </span>
     <span class='ocr_line' id='line_1_15' title="bbox 374 2237 1330 2319; baseline 0 -14"><span class='ocrx_word' id='word_1_92' title='bbox 374 2249 484 2318; x_wconf 88' lang='lat' dir='ltr'><strong>tatem,</strong></span> <span class='ocrx_word' id='word_1_93' title='bbox 512 2250 548 2305; x_wconf 91' lang='lat' dir='ltr'><strong>ut</strong></span> <span class='ocrx_word' id='word_1_94' title='bbox 577 2237 630 2303; x_wconf 89' lang='lat' dir='ltr'><strong>cui</strong></span> <span class='ocrx_word' id='word_1_95' title='bbox 658 2237 705 2302; x_wconf 90' lang='lat' dir='ltr'><strong>rei</strong></span> <span class='ocrx_word' id='word_1_96' title='bbox 735 2237 870 2304; x_wconf 86' lang='lat' dir='ltr'><strong>volueris</strong></span> <span class='ocrx_word' id='word_1_97' title='bbox 899 2260 1008 2303; x_wconf 89' lang='lat' dir='ltr'><strong>sensus</strong></span> <span class='ocrx_word' id='word_1_98' title='bbox 1037 2240 1266 2319; x_wconf 82' lang='lat' dir='ltr'><strong>accommodet,</strong></span> <span class='ocrx_word' id='word_1_99' title='bbox 1293 2251 1330 2305; x_wconf 92' lang='lat' dir='ltr'><strong>ut</strong></span> 
     </span>
     <span class='ocr_line' id='line_1_16' title="bbox 372 2340 1329 2430; baseline 0.006 -25"><span class='ocrx_word' id='word_1_100' title='bbox 372 2341 507 2427; x_wconf 88' lang='lat' dir='ltr'><strong>gratiam</strong></span> <span class='ocrx_word' id='word_1_101' title='bbox 522 2340 618 2422; x_wconf 90' lang='lat' dir='ltr'><strong>illius,</strong></span> <span class='ocrx_word' id='word_1_102' title='bbox 633 2363 706 2405; x_wconf 89' lang='lat' dir='ltr'><strong>cum</strong></span> <span class='ocrx_word' id='word_1_103' title='bbox 723 2359 787 2428; x_wconf 89' lang='lat' dir='ltr'><strong>quo</strong></span> <span class='ocrx_word' id='word_1_104' title='bbox 806 2340 922 2427; x_wconf 86' lang='lat' dir='ltr'><strong>agitur,</strong></span> <span class='ocrx_word' id='word_1_105' title='bbox 938 2340 1156 2407; x_wconf 87' lang='lat' dir='ltr'><strong>fraudulenter</strong></span> <span class='ocrx_word' id='word_1_106' title='bbox 1169 2343 1329 2430; x_wconf 88' lang='lat' dir='ltr'><strong>surripiat.</strong></span> 
     </span>
     <span class='ocr_line' id='line_1_17' title="bbox 374 2443 1329 2511; baseline 0.003 -4"><span class='ocrx_word' id='word_1_107' title='bbox 374 2443 474 2510; x_wconf 88' lang='lat' dir='ltr'><strong>Novit</strong></span> <span class='ocrx_word' id='word_1_108' title='bbox 488 2443 573 2508; x_wconf 91' lang='lat' dir='ltr'><strong>enim</strong></span> <span class='ocrx_word' id='word_1_109' title='bbox 589 2443 630 2508; x_wconf 91' lang='lat' dir='ltr'><strong>de</strong></span> <span class='ocrx_word' id='word_1_110' title='bbox 646 2465 801 2508; x_wconf 88' lang='lat' dir='ltr'><strong>concursu</strong></span> <span class='ocrx_word' id='word_1_111' title='bbox 823 2466 973 2508; x_wconf 90' lang='lat' dir='ltr'><strong>sensuum</strong></span> <span class='ocrx_word' id='word_1_112' title='bbox 990 2456 1023 2508; x_wconf 90' lang='lat' dir='ltr'><strong>et</strong></span> <span class='ocrx_word' id='word_1_113' title='bbox 1041 2445 1243 2510; x_wconf 86' lang='lat' dir='ltr'><strong>voluntatum</strong></span> <span class='ocrx_word' id='word_1_114' title='bbox 1258 2445 1329 2511; x_wconf 91' lang='lat' dir='ltr'><strong>urri-</strong></span> 
     </span>
     <span class='ocr_line' id='line_1_18' title="bbox 372 2546 1329 2635; baseline -0.001 -22"><span class='ocrx_word' id='word_1_115' title='bbox 372 2570 445 2627; x_wconf 92' lang='lat' dir='ltr'><strong>one,</strong></span> <span class='ocrx_word' id='word_1_116' title='bbox 460 2547 550 2635; x_wconf 88' lang='lat' dir='ltr'><strong>quasi</strong></span> <span class='ocrx_word' id='word_1_117' title='bbox 565 2547 682 2613; x_wconf 85' lang='lat' dir='ltr'><strong>rivulos</strong></span> <span class='ocrx_word' id='word_1_118' title='bbox 698 2547 849 2612; x_wconf 75' lang='lat' dir='ltr'><strong>amicitias</strong></span> <span class='ocrx_word' id='word_1_119' title='bbox 864 2546 1025 2613; x_wconf 88' lang='lat' dir='ltr'><strong>scaturire.</strong></span> <span class='ocrx_word' id='word_1_120' title='bbox 1064 2548 1156 2612; x_wconf 90' lang='lat' dir='ltr'><strong>Idem</strong></span> <span class='ocrx_word' id='word_1_121' title='bbox 1171 2548 1329 2635; x_wconf 84' lang='lat' dir='ltr'><strong>siquidem</strong></span> 
     </span>
     <span class='ocr_line' id='line_1_19' title="bbox 374 2650 1329 2736; baseline 0.004 -23"><span class='ocrx_word' id='word_1_122' title='bbox 374 2651 456 2716; x_wconf 89' lang='lat' dir='ltr'><strong>velle</strong></span> <span class='ocrx_word' id='word_1_123' title='bbox 480 2665 513 2716; x_wconf 89' lang='lat' dir='ltr'><strong>et</strong></span> <span class='ocrx_word' id='word_1_124' title='bbox 539 2652 634 2729; x_wconf 89' lang='lat' dir='ltr'><strong>nolle,</strong></span> <span class='ocrx_word' id='word_1_125' title='bbox 663 2655 713 2736; x_wconf 89' lang='lat' dir='ltr'><strong>(ut</strong></span> <span class='ocrx_word' id='word_1_126' title='bbox 738 2651 784 2716; x_wconf 89' lang='lat' dir='ltr'><strong>ait</strong></span> <span class='ocrx_word' id='word_1_127' title='bbox 808 2650 991 2736; x_wconf 88' lang='lat' dir='ltr'><strong>historicus)</strong></span> <span class='ocrx_word' id='word_1_128' title='bbox 1016 2673 1055 2716; x_wconf 91' lang='lat' dir='ltr'><strong>ea</strong></span> <span class='ocrx_word' id='word_1_129' title='bbox 1080 2652 1212 2716; x_wconf 91' lang='lat' dir='ltr'><strong>demum</strong></span> <span class='ocrx_word' id='word_1_130' title='bbox 1236 2652 1329 2717; x_wconf 87' lang='lat' dir='ltr'><strong>firma</strong></span> 
     </span>
    </p>
   </div>
   <div class='ocr_carea' id='block_1_5' title="bbox 317 2753 797 2844">
    <p class='ocr_par' dir='ltr' id='par_1_5' title="bbox 317 2753 797 2844">
     <span class='ocr_line' id='line_1_20' title="bbox 317 2753 797 2844; baseline 0.002 -26"><span class='ocrx_word' id='word_1_131' title='bbox 317 2837 324 2844; x_wconf 29' lang='grc' dir='ltr'>Ι</span> <span class='ocrx_word' id='word_1_132' title='bbox 376 2753 516 2819; x_wconf 86' lang='lat' dir='ltr'><strong>amicitia</strong></span> <span class='ocrx_word' id='word_1_133' title='bbox 531 2764 588 2820; x_wconf 90' lang='lat' dir='ltr'><strong>est.</strong></span> <span class='ocrx_word' id='word_1_134' title='bbox 635 2754 797 2829; x_wconf 85' lang='lat' dir='ltr'><strong>Quidni?</strong></span> 
     </span>
    </p>
   </div>
   <div class='ocr_carea' id='block_1_6' title="bbox 447 2890 1089 3050">
    <p class='ocr_par' dir='ltr' id='par_1_6' title="bbox 447 2890 1089 3050">
     <span class='ocr_line' id='line_1_21' title="bbox 449 2890 1026 2960; baseline 0.005 -18"><span class='ocrx_word' id='word_1_135' title='bbox 449 2890 603 2945; x_wconf 84' lang='lat' dir='ltr'><strong>Consentire</strong></span> <span class='ocrx_word' id='word_1_136' title='bbox 614 2893 668 2945; x_wconf 88' lang='lat' dir='ltr'><strong>suis</strong></span> <span class='ocrx_word' id='word_1_137' title='bbox 680 2892 773 2945; x_wconf 87' lang='lat' dir='ltr'><strong>studiis</strong></span> <span class='ocrx_word' id='word_1_138' title='bbox 785 2892 829 2960; x_wconf 92' lang='lat' dir='ltr'><strong>qui</strong></span> <span class='ocrx_word' id='word_1_139' title='bbox 840 2891 978 2945; x_wconf 85' lang='lat' dir='ltr'><strong>crediderit</strong></span> <span class='ocrx_word' id='word_1_140' title='bbox 989 2898 1026 2956; x_wconf 88' lang='lat' dir='ltr'><strong>te,</strong></span> 
     </span>
     <span class='ocr_line' id='line_1_22' title="bbox 447 2977 1089 3050; baseline 0 -21"><span class='ocrx_word' id='word_1_141' title='bbox 447 2977 545 3029; x_wconf 83' lang='lat' dir='ltr'><strong>Fautor</strong></span> <span class='ocrx_word' id='word_1_142' title='bbox 555 2981 662 3047; x_wconf 85' lang='lat' dir='ltr'><strong>utroque</strong></span> <span class='ocrx_word' id='word_1_143' title='bbox 674 2982 749 3031; x_wconf 86' lang='lat' dir='ltr'><strong>tuum</strong></span> <span class='ocrx_word' id='word_1_144' title='bbox 759 2978 877 3031; x_wconf 90' lang='lat' dir='ltr'><strong>laudabit</strong></span> <span class='ocrx_word' id='word_1_145' title='bbox 887 2977 979 3050; x_wconf 90' lang='lat' dir='ltr'><strong>pollice</strong></span> <span class='ocrx_word' id='word_1_146' title='bbox 990 2978 1089 3031; x_wconf 91' lang='lat' dir='ltr'><strong>ludum.</strong></span> 
     </span>
    </p>
   </div>
   <div class='ocr_carea' id='block_1_7' title="bbox 332 3096 1338 4414">
    <p class='ocr_par' dir='ltr' id='par_1_7' title="bbox 332 3096 1338 4414">
     <span class='ocr_line' id='line_1_23' title="bbox 381 3096 1332 3184; baseline 0.002 -24"><span class='ocrx_word' id='word_1_147' title='bbox 381 3096 490 3171; x_wconf 87' lang='lat' dir='ltr'><strong>Quum</strong></span> <span class='ocrx_word' id='word_1_148' title='bbox 518 3119 594 3162; x_wconf 90' lang='lat' dir='ltr'><strong>vero</strong></span> <span class='ocrx_word' id='word_1_149' title='bbox 615 3096 819 3184; x_wconf 76' lang='lat' dir='ltr'><strong>praesenserit</strong></span> <span class='ocrx_word' id='word_1_150' title='bbox 842 3096 1053 3175; x_wconf 84' lang='lat' dir='ltr'><strong>voluntatem,</strong></span> <span class='ocrx_word' id='word_1_151' title='bbox 1075 3096 1120 3161; x_wconf 91' lang='lat' dir='ltr'><strong>sic</strong></span> <span class='ocrx_word' id='word_1_152' title='bbox 1145 3096 1262 3182; x_wconf 86' lang='lat' dir='ltr'><strong>palpat,</strong></span> <span class='ocrx_word' id='word_1_153' title='bbox 1286 3096 1332 3162; x_wconf 92' lang='lat' dir='ltr'><strong>sic</strong></span> 
     </span>
     <span class='ocr_line' id='line_1_24' title="bbox 376 3197 1331 3286; baseline 0.003 -25"><span class='ocrx_word' id='word_1_154' title='bbox 376 3197 549 3277; x_wconf 89' lang='lat' dir='ltr'><strong>demulcet,</strong></span> <span class='ocrx_word' id='word_1_155' title='bbox 565 3209 654 3264; x_wconf 87' lang='lat' dir='ltr'><strong>tanta</strong></span> <span class='ocrx_word' id='word_1_156' title='bbox 676 3199 838 3267; x_wconf 87' lang='lat' dir='ltr'><strong>suavitatis</strong></span> <span class='ocrx_word' id='word_1_157' title='bbox 861 3200 1011 3286; x_wconf 88' lang='lat' dir='ltr'><strong>perungit</strong></span> <span class='ocrx_word' id='word_1_158' title='bbox 1032 3198 1145 3284; x_wconf 88' lang='lat' dir='ltr'><strong>gratia,</strong></span> <span class='ocrx_word' id='word_1_159' title='bbox 1166 3211 1201 3263; x_wconf 92' lang='lat' dir='ltr'><strong>ut</strong></span> <span class='ocrx_word' id='word_1_160' title='bbox 1222 3199 1331 3264; x_wconf 89' lang='lat' dir='ltr'><strong>virtuti</strong></span> 
     </span>
     <span class='ocr_line' id='line_1_25' title="bbox 377 3300 1332 3388; baseline 0.003 -24"><span class='ocrx_word' id='word_1_161' title='bbox 377 3300 535 3365; x_wconf 91' lang='lat' dir='ltr'><strong>somnium</strong></span> <span class='ocrx_word' id='word_1_162' title='bbox 564 3300 707 3384; x_wconf 88' lang='lat' dir='ltr'><strong>inducat,</strong></span> <span class='ocrx_word' id='word_1_163' title='bbox 729 3312 763 3367; x_wconf 90' lang='lat' dir='ltr'><strong>et</strong></span> <span class='ocrx_word' id='word_1_164' title='bbox 784 3312 885 3384; x_wconf 84' lang='lat' dir='ltr'><strong>totam</strong></span> <span class='ocrx_word' id='word_1_165' title='bbox 911 3300 1148 3378; x_wconf 89' lang='lat' dir='ltr'><strong>moderationis,</strong></span> <span class='ocrx_word' id='word_1_166' title='bbox 1173 3300 1242 3365; x_wconf 91' lang='lat' dir='ltr'><strong>sine</strong></span> <span class='ocrx_word' id='word_1_167' title='bbox 1268 3323 1332 3388; x_wconf 90' lang='lat' dir='ltr'><strong>qua</strong></span> 
     </span>
     <span class='ocr_line' id='line_1_26' title="bbox 378 3402 1333 3490; baseline 0.003 -24"><span class='ocrx_word' id='word_1_168' title='bbox 378 3425 543 3490; x_wconf 90' lang='lat' dir='ltr'><strong>nunquam</strong></span> <span class='ocrx_word' id='word_1_169' title='bbox 558 3415 645 3470; x_wconf 90' lang='lat' dir='ltr'><strong>recte</strong></span> <span class='ocrx_word' id='word_1_170' title='bbox 660 3405 786 3485; x_wconf 86' lang='lat' dir='ltr'><strong>vivitur,</strong></span> <span class='ocrx_word' id='word_1_171' title='bbox 796 3406 932 3472; x_wconf 86' lang='lat' dir='ltr'><strong>formam</strong></span> <span class='ocrx_word' id='word_1_172' title='bbox 950 3404 1075 3470; x_wconf 87' lang='lat' dir='ltr'><strong>Lethaei</strong></span> <span class='ocrx_word' id='word_1_173' title='bbox 1090 3402 1231 3469; x_wconf 90' lang='lat' dir='ltr'><strong>fluminis</strong></span> <span class='ocrx_word' id='word_1_174' title='bbox 1247 3403 1333 3469; x_wconf 87' lang='lat' dir='ltr'><strong>infu-</strong></span> 
     </span>
     <span class='ocr_line' id='line_1_27' title="bbox 379 3505 1335 3594; baseline 0.003 -25"><span class='ocrx_word' id='word_1_175' title='bbox 379 3505 468 3569; x_wconf 88' lang='lat' dir='ltr'><strong>sione</strong></span> <span class='ocrx_word' id='word_1_176' title='bbox 486 3506 660 3571; x_wconf 86' lang='lat' dir='ltr'><strong>subvertat.</strong></span> <span class='ocrx_word' id='word_1_177' title='bbox 706 3508 844 3594; x_wconf 88' lang='lat' dir='ltr'><strong>Magnas</strong></span> <span class='ocrx_word' id='word_1_178' title='bbox 867 3507 983 3593; x_wconf 86' lang='lat' dir='ltr'><strong>gratias</strong></span> <span class='ocrx_word' id='word_1_179' title='bbox 1003 3529 1097 3592; x_wconf 88' lang='lat' dir='ltr'><strong>agere</strong></span> <span class='ocrx_word' id='word_1_180' title='bbox 1113 3507 1213 3572; x_wconf 87' lang='lat' dir='ltr'><strong>Thais</strong></span> <span class='ocrx_word' id='word_1_181' title='bbox 1232 3506 1335 3572; x_wconf 86' lang='lat' dir='ltr'><strong>mihi?</strong></span> 
     </span>
     <span class='ocr_line' id='line_1_28' title="bbox 380 3607 1334 3697; baseline 0.006 -26"><span class='ocrx_word' id='word_1_182' title='bbox 380 3607 548 3673; x_wconf 89' lang='lat' dir='ltr'><strong>Jucundus</strong></span> <span class='ocrx_word' id='word_1_183' title='bbox 572 3619 621 3673; x_wconf 91' lang='lat' dir='ltr'><strong>est</strong></span> <span class='ocrx_word' id='word_1_184' title='bbox 641 3609 727 3673; x_wconf 90' lang='lat' dir='ltr'><strong>enim</strong></span> <span class='ocrx_word' id='word_1_185' title='bbox 752 3610 912 3688; x_wconf 88' lang='lat' dir='ltr'><strong>Comicus,</strong></span> <span class='ocrx_word' id='word_1_186' title='bbox 935 3621 969 3674; x_wconf 92' lang='lat' dir='ltr'><strong>et</strong></span> <span class='ocrx_word' id='word_1_187' title='bbox 992 3621 1085 3696; x_wconf 88' lang='lat' dir='ltr'><strong>aptus</strong></span> <span class='ocrx_word' id='word_1_188' title='bbox 1104 3610 1159 3697; x_wconf 92' lang='lat' dir='ltr'><strong>qui</strong></span> <span class='ocrx_word' id='word_1_189' title='bbox 1182 3633 1217 3675; x_wconf 91' lang='lat' dir='ltr'><strong>se</strong></span> <span class='ocrx_word' id='word_1_190' title='bbox 1239 3611 1334 3697; x_wconf 91' lang='lat' dir='ltr'><strong>nugis</strong></span> 
     </span>
     <span class='ocr_line' id='line_1_29' title="bbox 332 3710 1337 3800; baseline 0.006 -27"><span class='ocrx_word' id='word_1_191' title='bbox 332 3774 337 3781; x_wconf 73' lang='grc'><em>,</em></span> <span class='ocrx_word' id='word_1_192' title='bbox 379 3710 493 3776; x_wconf 90' lang='lat' dir='ltr'><strong>nostris</strong></span> <span class='ocrx_word' id='word_1_193' title='bbox 502 3710 688 3799; x_wconf 88' lang='lat' dir='ltr'><strong>frequenter</strong></span> <span class='ocrx_word' id='word_1_194' title='bbox 701 3712 889 3790; x_wconf 89' lang='lat' dir='ltr'><strong>immisceat,</strong></span> <span class='ocrx_word' id='word_1_195' title='bbox 904 3714 1065 3798; x_wconf 91' lang='lat' dir='ltr'><strong>Ingentes,</strong></span> <span class='ocrx_word' id='word_1_196' title='bbox 1078 3712 1192 3800; x_wconf 89' lang='lat' dir='ltr'><strong>inquit.</strong></span> <span class='ocrx_word' id='word_1_197' title='bbox 1217 3715 1337 3780; x_wconf 88' lang='lat' dir='ltr'><strong>Fuerat</strong></span> 
     </span>
     <span class='ocr_line' id='line_1_30' title="bbox 380 3814 1335 3903; baseline 0.005 -26"><span class='ocrx_word' id='word_1_198' title='bbox 380 3814 511 3901; x_wconf 91' lang='lat' dir='ltr'><strong>quidem</strong></span> <span class='ocrx_word' id='word_1_199' title='bbox 527 3814 602 3879; x_wconf 89' lang='lat' dir='ltr'><strong>satis</strong></span> <span class='ocrx_word' id='word_1_200' title='bbox 617 3815 642 3880; x_wconf 91' lang='lat' dir='ltr'><strong>si</strong></span> <span class='ocrx_word' id='word_1_201' title='bbox 658 3837 790 3901; x_wconf 88' lang='lat' dir='ltr'><strong>magnas</strong></span> <span class='ocrx_word' id='word_1_202' title='bbox 801 3815 1023 3901; x_wconf 88' lang='lat' dir='ltr'><strong>respondisset.</strong></span> <span class='ocrx_word' id='word_1_203' title='bbox 1056 3817 1121 3880; x_wconf 85' lang='lat' dir='ltr'><strong>Sed</strong></span> <span class='ocrx_word' id='word_1_204' title='bbox 1135 3817 1211 3903; x_wconf 89' lang='lat' dir='ltr'><strong>quia</strong></span> <span class='ocrx_word' id='word_1_205' title='bbox 1226 3817 1335 3882; x_wconf 86' lang='lat' dir='ltr'><strong>adula-</strong></span> 
     </span>
     <span class='ocr_line' id='line_1_31' title="bbox 379 3917 1337 4006; baseline 0.002 -25"><span class='ocrx_word' id='word_1_206' title='bbox 379 3922 456 3983; x_wconf 87' lang='lat' dir='ltr'><strong>toris</strong></span> <span class='ocrx_word' id='word_1_207' title='bbox 478 3918 562 3983; x_wconf 88' lang='lat' dir='ltr'><strong>fraus</strong></span> <span class='ocrx_word' id='word_1_208' title='bbox 576 3917 685 3984; x_wconf 89' lang='lat' dir='ltr'><strong>omnia</strong></span> <span class='ocrx_word' id='word_1_209' title='bbox 703 3917 828 3984; x_wconf 84' lang='lat' dir='ltr'><strong>extollit</strong></span> <span class='ocrx_word' id='word_1_210' title='bbox 847 3918 881 3982; x_wconf 90' lang='lat' dir='ltr'><strong>in</strong></span> <span class='ocrx_word' id='word_1_211' title='bbox 896 3919 1010 4005; x_wconf 86' lang='lat' dir='ltr'><strong>majus,</strong></span> <span class='ocrx_word' id='word_1_212' title='bbox 1027 3929 1060 3983; x_wconf 90' lang='lat' dir='ltr'><strong>et</strong></span> <span class='ocrx_word' id='word_1_213' title='bbox 1081 3919 1122 3983; x_wconf 90' lang='lat' dir='ltr'><strong>de</strong></span> <span class='ocrx_word' id='word_1_214' title='bbox 1137 3941 1195 3983; x_wconf 91' lang='lat' dir='ltr'><strong>suo</strong></span> <span class='ocrx_word' id='word_1_215' title='bbox 1215 3918 1337 4006; x_wconf 86' lang='lat' dir='ltr'><strong>aliquid</strong></span> 
     </span>
     <span class='ocr_line' id='line_1_32' title="bbox 379 4019 1336 4107; baseline 0.002 -22"><span class='ocrx_word' id='word_1_216' title='bbox 379 4020 490 4106; x_wconf 85' lang='lat' dir='ltr'><strong>adjicit</strong></span> <span class='ocrx_word' id='word_1_217' title='bbox 515 4020 602 4086; x_wconf 89' lang='lat' dir='ltr'><strong>unde</strong></span> <span class='ocrx_word' id='word_1_218' title='bbox 627 4019 688 4085; x_wconf 90' lang='lat' dir='ltr'><strong>sibi</strong></span> <span class='ocrx_word' id='word_1_219' title='bbox 712 4019 847 4104; x_wconf 88' lang='lat' dir='ltr'><strong>gratiam</strong></span> <span class='ocrx_word' id='word_1_220' title='bbox 873 4019 1027 4096; x_wconf 88' lang='lat' dir='ltr'><strong>cumulet,</strong></span> <span class='ocrx_word' id='word_1_221' title='bbox 1048 4019 1196 4105; x_wconf 88' lang='lat' dir='ltr'><strong>ingentes</strong></span> <span class='ocrx_word' id='word_1_222' title='bbox 1220 4019 1336 4107; x_wconf 88' lang='lat' dir='ltr'><strong>inquit.</strong></span> 
     </span>
     <span class='ocr_line' id='line_1_33' title="bbox 383 4121 1337 4207; baseline -0.001 -20"><span class='ocrx_word' id='word_1_223' title='bbox 383 4124 449 4189; x_wconf 86' lang='lat' dir='ltr'><strong>Sed</strong></span> <span class='ocrx_word' id='word_1_224' title='bbox 464 4146 524 4189; x_wconf 88' lang='lat' dir='ltr'><strong>nec</strong></span> <span class='ocrx_word' id='word_1_225' title='bbox 539 4122 743 4188; x_wconf 90' lang='lat' dir='ltr'><strong>mendacium</strong></span> <span class='ocrx_word' id='word_1_226' title='bbox 760 4122 930 4189; x_wconf 89' lang='lat' dir='ltr'><strong>erubescit.</strong></span> <span class='ocrx_word' id='word_1_227' title='bbox 974 4123 1040 4198; x_wconf 84' lang='lat' dir='ltr'><strong>Qui</strong></span> <span class='ocrx_word' id='word_1_228' title='bbox 1055 4122 1142 4187; x_wconf 89' lang='lat' dir='ltr'><strong>enim</strong></span> <span class='ocrx_word' id='word_1_229' title='bbox 1158 4121 1218 4187; x_wconf 88' lang='lat' dir='ltr'><strong>sibi</strong></span> <span class='ocrx_word' id='word_1_230' title='bbox 1233 4122 1337 4207; x_wconf 91' lang='lat' dir='ltr'><strong>potuit</strong></span> 
     </span>
     <span class='ocr_line' id='line_1_34' title="bbox 382 4224 1338 4309; baseline -0.002 -20"><span class='ocrx_word' id='word_1_231' title='bbox 382 4225 584 4309; x_wconf 90' lang='lat' dir='ltr'><strong>persuadere,</strong></span> <span class='ocrx_word' id='word_1_232' title='bbox 602 4236 638 4289; x_wconf 92' lang='lat' dir='ltr'><strong>ut</strong></span> <span class='ocrx_word' id='word_1_233' title='bbox 653 4224 852 4290; x_wconf 88' lang='lat' dir='ltr'><strong>honestatem</strong></span> <span class='ocrx_word' id='word_1_234' title='bbox 863 4224 1002 4289; x_wconf 89' lang='lat' dir='ltr'><strong>hominis</strong></span> <span class='ocrx_word' id='word_1_235' title='bbox 1017 4235 1116 4289; x_wconf 86' lang='lat' dir='ltr'><strong>tantae</strong></span> <span class='ocrx_word' id='word_1_236' title='bbox 1132 4224 1338 4308; x_wconf 87' lang='lat' dir='ltr'><strong>turpitudinis</strong></span> 
     </span>
     <span class='ocr_line' id='line_1_35' title="bbox 384 4324 1338 4414; baseline 0 -25"><span class='ocrx_word' id='word_1_237' title='bbox 384 4326 510 4392; x_wconf 85' lang='lat' dir='ltr'><strong>macula</strong></span> <span class='ocrx_word' id='word_1_238' title='bbox 523 4327 723 4394; x_wconf 89' lang='lat' dir='ltr'><strong>decoloraret</strong></span> <span class='ocrx_word' id='word_1_239' title='bbox 743 4348 936 4414; x_wconf 89' lang='lat' dir='ltr'><strong>quacunque</strong></span> <span class='ocrx_word' id='word_1_240' title='bbox 955 4326 996 4391; x_wconf 93' lang='lat' dir='ltr'><strong>de</strong></span> <span class='ocrx_word' id='word_1_241' title='bbox 1016 4348 1121 4402; x_wconf 87' lang='lat' dir='ltr'><strong>causa,</strong></span> <span class='ocrx_word' id='word_1_242' title='bbox 1137 4324 1248 4410; x_wconf 88' lang='lat' dir='ltr'><strong>utique</strong></span> <span class='ocrx_word' id='word_1_243' title='bbox 1266 4345 1338 4410; x_wconf 88' lang='lat' dir='ltr'><strong>per-</strong></span> 
     </span>
    </p>
   </div>
   <div class='ocr_carea' id='block_1_8' title="bbox 0 0 1714 5234">
    <p class='ocr_par' dir='ltr' id='par_1_8' title="bbox 0 0 1714 5234">
     <span class='ocr_line' id='line_1_36' title="bbox 0 0 1714 5234; baseline 0 0"><span class='ocrx_word' id='word_1_244' title='bbox 0 0 1714 5234; x_wconf 95' lang='lat' dir='ltr'><strong> </strong></span> 
     </span>
    </p>
   </div>
  </div>
 </body>
</html>
