3384 5234
368 674 439 719 cnr.
454 653 531 732 xm]
723 667 978 713 roaxoaarrous
1280 653 1321 712 79

367 821 502 906 generiS,
523 819 674 906 temporis
694 818 909 906 perpetuitate
929 829 1120 903 compensat.
1159 817 1251 880 Mors
1273 831 1320 883 et·

368 922 450 986 enim
470 922 534 1002 illa,
551 921 659 1007 Moysi
682 920 794 983 faciem
815 918 937 983 detexit
954 918 1119 998 universis,
1135 931 1321 1005 perpetuam

367 1027 518 1092 duritiam
535 1024 637 1099 scidit,
651 1036 682 1088 et
699 1023 937 1087 resurrectionis
949 1022 1105 1108 primitias
1120 1026 1152 1086 in
1168 1035 1317 1086 aeternam

333 1139 336 1147 '
367 1128 511 1194 laetitiam
534 1125 724 1190 introduxit.
773 1123 833 1186 Illa
855 1145 986 1209 quoque
1008 1146 1082 1208 quae
1104 1124 1187 1187 diem
1205 1124 1320 1207 judicii

368 1225 544 1313 praevenire
555 1224 717 1298 dicuntur,
730 1244 786 1307 per
798 1220 865 1284 dies
880 1243 933 1297 xv,
946 1220 971 1284 si
987 1234 1091 1285 tamen
1107 1221 1219 1286 lutura
1233 1235 1320 1297 sunt,

370 1328 518 1414 quoniam
550 1326 590 1389 de
619 1324 775 1409 scriptura
802 1322 964 1388 Canonica
993 1322 1227 1387 firmamentum
1257 1345 1320 1387 non

371 1430 500 1504 habeut,
530 1440 651 1492 naturae
681 1426 806 1511 legibus
836 1425 965 1489 minime
994 1423 1217 1510 subjacebunt,
1243 1425 1321 1489 dum

372 1546 477 1596 tamen
488 1546 630 1596 naturam
644 1530 705 1606 hic,
715 1542 751 1593 ut
767 1529 799 1591 in
811 1527 889 1592 locis
900 1548 994 1613 quam
1008 1526 1167 1613 pluribus,
1178 1528 1321 1591 dicamus

372 1634 500 1697 solitum
517 1654 644 1695 cursum
660 1654 776 1706 rerum,
792 1642 849 1693 aut
865 1650 974 1693 causas
988 1628 1127 1694 occultas
1141 1644 1320 1706 eventuum,

373 1757 510 1822 quarum
526 1734 607 1798 ratio
623 1733 710 1798 reddi
726 1745 840 1819 potest.

378 2010 455 2093 Cap.
482 2014 530 2071 la.
553 2009 651 2072 Nihil
678 2016 790 2071 contra
819 2016 986 2083 araturam,
1017 2016 1148 2072 auctore
1177 2011 1323 2083 Platone,

438 2113 631 2191 contingere,
647 2114 706 2192 qui
721 2117 878 2172 naturam
893 2113 970 2173 dicit
984 2111 1048 2174 Dei
1062 2114 1267 2175 uoluntatem.

419 2226 457 2307 Si
479 2266 553 2306 vero
579 2243 746 2307 Platonem
774 2244 937 2329 sequimur
960 2245 1017 2329 qui
1042 2247 1153 2309 asserit
1180 2259 1324 2311 naturam

376 2369 442 2409 esse
468 2346 530 2409 Dei
558 2346 768 2423 voluntatem,
792 2347 936 2431 profecto
959 2348 1036 2411 nihil
1064 2348 1196 2414 istorum
1220 2349 1326 2413 evenit

376 2462 486 2513 contra
505 2461 665 2527 naturam,
680 2471 781 2534 quum
804 2448 859 2512 ille
873 2451 978 2514 omnia
999 2474 1201 2539 quaecunque
1224 2451 1325 2517 voluit

376 2553 494 2617 fecerit.
543 2552 602 2616 llle
626 2552 757 2637 quidem
781 2551 858 2616 dum
881 2576 986 2617 rerum
1010 2577 1119 2619 causas
1143 2555 1326 2641 exequitur,

376 2655 468 2718 finem
485 2655 627 2719 omnium
644 2654 784 2717 divinam
809 2656 924 2720 astruit
946 2657 1131 2722 bonitatem.
1177 2657 1327 2742 Optimus

377 2769 436 2833 est,
463 2757 576 2842 inquit.
637 2757 737 2820 Porro
767 2758 807 2821 ab
838 2758 960 2843 optimo
990 2758 1083 2843 longe
1113 2758 1251 2844 relegata
1280 2769 1328 2821 est

379 2861 479 2921 omnis
494 2858 622 2921 invidia.
670 2859 787 2942 ltaque
810 2876 1037 2945 consequenter
1052 2874 1165 2925 cuncta
1180 2862 1228 2925 sui
1245 2859 1329 2924 sirni-

380 2958 433 3035 lia,
459 2971 555 3044 prout
580 2973 694 3024 natura
721 2961 880 3047 cujusque
905 2962 1110 3026 beatitudinis
1133 2985 1233 3049 capax
1260 2986 1327 3027 esse

379 3075 517 3149 poterat,
535 3061 614 3125 effici
637 3062 748 3139 voluit,
765 3087 863 3150 quam
885 3063 1014 3150 quidem
1037 3066 1098 3127 Dei
1122 3065 1329 3145 voluntatem,

379 3164 585 3228 certissimam
603 3188 708 3230 rerum
724 3165 877 3251 originem
900 3190 976 3241 esse,
993 3165 1017 3229 si
1033 3167 1105 3252 quis
1120 3180 1228 3252 ponat,
1245 3179 1329 3230 recte

380 3289 452 3330 eum
480 3280 593 3353 putare
616 3268 819 3333 consentiam.
865 3272 909 3333 Et
933 3268 1063 3354 quidem
1087 3268 1241 3354 sapientia
1267 3271 1329 3333 Dei

380 3379 412 3431 et
442 3367 577 3445 bonitate,
607 3391 680 3452 quae
708 3369 804 3432 rebus
832 3368 980 3433 omnibus
1015 3369 1169 3455 originem
1198 3371 1332 3455 praebet‚

381 3482 497 3533 natura
520 3468 692 3533 rectissime
718 3471 916 3557 appellatur:
955 3485 1065 3536 contra
1091 3496 1187 3558 quam
1219 3472 1331 3558 utique

383 3567 461 3632 nihil
488 3569 535 3645 fit,
556 3569 632 3654 quia
655 3570 893 3656 dispositionem
918 3575 979 3637 Dei
1002 3574 1080 3637 nihil
1107 3588 1251 3651 evacuat,
1274 3586 1331 3638 aut

382 3691 491 3733 causas
506 3694 580 3756 quae
602 3672 635 3733 in
659 3686 764 3736 mente
786 3671 881 3745 iltius,
899 3674 954 3758 qui
969 3674 1044 3738 fecit
1066 3675 1162 3739 coelos
1183 3676 1216 3738 in
1239 3674 1332 3739 intel-

382 3769 478 3849 lectu,
495 3772 535 3835 ab
550 3785 669 3837 aeterno
683 3774 907 3854 constiterunt,
922 3799 979 3839 suo
993 3777 1098 3862 privat
1115 3778 1240 3842 effectu.
1279 3778 1333 3840 In-

383 3888 457 3935 sunt
486 3872 596 3959 itaque
628 3876 735 3955 rebus
765 3876 929 3940 seminales
957 3890 1128 3943 eventuum
1157 3902 1272 3959 causae,
1301 3890 1332 3942 et

383 3972 564 4058 originariae
579 3977 726 4055 rationes,
739 4000 812 4061 quae
828 3978 1041 4062 praeordinato
1058 3993 1197 4066 ternpore
1211 3980 1244 4043 in
1260 4002 1334 4043 suos

383 4075 561 4159 procedunt
575 4076 718 4154 effectus,
734 4102 771 4141 ex
790 4103 826 4141 eo
841 4079 972 4164 quidem
988 4082 1158 4157 mirabiles
1168 4106 1230 4146 non
1247 4083 1333 4169 quod

383 4176 495 4248 nullas,
513 4178 567 4241 sed
583 4179 668 4262 quod
684 4181 912 4246 occultissimas
927 4182 1064 4247 habeant
1080 4184 1225 4249 rationes.
1261 4187 1334 4248 Hu-

384 4295 453 4339 mor
469 4278 628 4366 siquidem
644 4279 683 4343 de
698 4281 818 4345 intimis
834 4297 927 4347 terrae
938 4283 1121 4361 visceribus,
1133 4287 1173 4348 ab
1185 4288 1334 4350 arborum
