3384 5234
345 660 414 704 can.
430 644 519 721 vnn]
692 664 946 710 aonrcnaucus.
1234 648 1294 710 183

345 811 489 894 singulis,
504 813 545 878 de
556 815 646 878 nullo
661 815 810 878 subtilem
825 814 995 879 reddentes
1006 815 1170 880 rationem.
1193 815 1291 889 Quod

344 913 372 975 si
381 914 442 978 hoc
452 915 557 997 ipsum
569 916 726 999 patienter
734 916 919 995 admittitur,
928 938 966 980 ea
976 938 1049 1001 quae
1061 938 1081 981 a
1091 916 1293 999 philosophis

344 1014 486 1095 gentium
507 1017 647 1098 publicae
669 1016 815 1081 utilitatis
833 1017 933 1098 gratia
951 1018 1072 1101 scripta
1088 1026 1174 1095 sunt,
1188 1014 1293 1079 audiri

346 1114 424 1197 quid
438 1115 611 1198 prohibet?
635 1116 845 1198 Quaecunque
857 1115 942 1177 enim
954 1116 1071 1199 scripta
1085 1115 1293 1199 sunt,inquit,

345 1214 386 1279 ad
410 1228 551 1280 nostram
573 1215 751 1279 doctrinam
777 1217 893 1300 scripta
918 1227 1002 1295 sunt,
1029 1226 1064 1280 ut
1088 1238 1147 1299 per
1167 1217 1291 1298 patien-

346 1317 421 1380 tiam
436 1327 468 1381 et
483 1318 736 1381 consolationem
758 1318 981 1401 scripturarum
1000 1339 1091 1402 spem
1106 1318 1292 1382 habeamus.

346 1418 433 1480 Dum
454 1419 536 1482 enim
560 1440 624 1503 pax
648 1420 739 1482 abest
764 1417 841 1482 filiis
866 1418 981 1494 Adam,
1005 1419 1062 1503 qui
1086 1419 1128 1483 ad
1150 1420 1293 1481 laborem

345 1516 413 1579 nati
427 1524 511 1593 suut,
525 1518 625 1600 parati
636 1515 678 1580 ad
692 1517 829 1598 flagella,
840 1517 990 1600 concepti
1003 1518 1037 1579 in
1053 1517 1205 1602 pcccatis,
1217 1516 1295 1580 editi

344 1617 378 1678 in
392 1618 512 1691 labore,
527 1638 592 1679 non
608 1628 673 1680 tam
684 1625 797 1680 euntes
811 1638 908 1701 quam
919 1627 1080 1681 currentes
1095 1615 1137 1680 ad
1151 1621 1295 1693 mortem,

347 1738 411 1801 qua
432 1718 511 1780 nihil
533 1718 651 1781 tristius
672 1728 730 1793 est,
753 1717 932 1780 necessaria
952 1727 1002 1780 est
1022 1717 1185 1799 patientia,
1207 1712 1296 1780 utilis

346 1817 536 1894 consolatio,
557 1839 629 1900 quae
652 1818 692 1882 de
707 1821 779 1882 oleo
797 1818 915 1882 laetitiae
934 1820 968 1880 in
983 1818 1191 1896 conscientia,
1206 1817 1295 1881 etde

345 1916 559 1981 immensitate
575 1918 750 1981 clementiae
773 1918 849 1997 Dei,
866 1918 1109 2001 praedestinatos
1130 1918 1296 1997 advitam,

347 2038 405 2100 spe
419 2018 595 2081 futurorum
617 2020 704 2083 fovet
718 2030 751 2082 et
764 2021 900 2083 roborat.
945 2022 974 2084 Ο
992 2030 1101 2084 custos
1117 2020 1296 2097 hominum,

345 2119 451 2202 inquit
470 2120 585 2184 beatus
604 2122 625 2185 J
628 2121 681 2198 ob,
700 2120 833 2183 humani
852 2121 977 2203 generis
999 2122 1194 2187 calamitates
1210 2122 1247 2183 in
1259 2141 1295 2184 se

345 2222 538 2303 exprimam,
568 2243 666 2306 quare
696 2221 832 2304 posuisti
861 2244 912 2285 me
941 2223 1134 2286 contrarium
1163 2223 1233 2298 tibi,
1262 2230 1296 2285 et

344 2321 448 2385 factus
463 2344 533 2386 sum
548 2323 695 2387 mihimet
708 2323 770 2406 ipsi
792 2322 918 2405 gravis?
943 2326 1049 2387 Nemo
1071 2323 1229 2408 siquidem
1244 2331 1295 2387 est

345 2424 410 2506 qui,
424 2424 629 2505 exigentibus
644 2424 760 2506 culpis,
775 2424 809 2486 iu
824 2424 929 2507 seipso
944 2445 1010 2487 non
1023 2425 1166 2488 inveniat
1180 2444 1295 2487 causas

343 2526 572 2609 materiamque
594 2525 725 2603 doloris,
740 2545 841 2609 quum
854 2525 956 2608 ipsius
970 2525 1185 2608 philosophiae
1208 2526 1296 2587 testi·

343 2625 464 2703 monio,
484 2626 659 2709 unicuique
678 2627 842 2707 contingat
863 2626 987 2703 adesse,
1009 2623 1096 2707 quod
1117 2626 1229 2701 nollet,
1244 2624 1293 2687 vel

344 2726 467 2803 abesse,
481 2726 571 2809 quod
584 2728 688 2793 vellet.
733 2727 831 2804 Unde
846 2736 879 2790 et
892 2726 999 2791 fidelis
1012 2726 1130 2802 anima,
1144 2724 1198 2788 cui
1213 2746 1294 2788 verre

344 2825 552 2889 beatitudinis
566 2826 683 2909 gaudia
696 2826 894 2905 differuntur,
916 2848 990 2890 curn
1008 2826 1147 2889 inferiori
1167 2826 1296 2907 irrigu0,

343 2925 498 3007 irriguum
512 2928 656 3012 superius
671 2928 760 3010 petit.
806 2930 853 2992 Ut
867 2949 943 3009 ergo
954 2927 1119 3009 gentilium
1134 2926 1297 3011 figmentis

343 3028 434 3110 pium
444 3030 720 3094 accommodemus
729 3029 884 3107 auditum,
893 3050 997 3092 rerum
1005 3029 1147 3093 omnium
1158 3030 1298 3110 tragicus

345 3128 421 3192 finis
435 3137 493 3192 est.
537 3133 603 3194 Aut
618 3130 646 3193 si
660 3150 780 3193 nomen
790 3128 968 3192 Comoediae
981 3127 1150 3210 gratiosius
1161 3137 1219 3206 est,
1229 3149 1295 3191 non

346 3229 431 3292 duco
443 3230 656 3294 contentionis
671 3231 789 3309 frinsm,
801 3230 878 3293 dum
890 3238 1014 3294 constet
1027 3229 1109 3292 inter
1122 3250 1192 3305 nos,
1209 3227 1297 3313 quod

345 3329 411 3391 fere
425 3336 512 3391 totus
527 3329 679 3407 mundus,
688 3329 786 3413 juxta
804 3330 1000 3407 Petronium,
1018 3338 1170 3393 exerceat
1188 3328 1295 3392 histri·

346 3449 451 3491 onem.
510 3428 605 3503 Quod
634 3440 667 3493 et
691 3430 824 3513 quidam
853 3431 1006 3513 temporis
1033 3430 1133 3493 nostri
1160 3428 1296 3511 scriptor

346 3530 503 3612 egregius,
512 3530 692 3595 infidelium
701 3541 807 3596 tamen
823 3533 939 3609 verbis,
949 3534 1111 3613 eleganter
1119 3530 1293 3616 expressit:

450 3709 586 3763 Ridiculus
595 3709 731 3763 hominum
741 3715 829 3764 versat
839 3728 895 3764 sors
906 3728 975 3764 caeca
985 3711 1097 3776 labores,

519 3795 623 3849 Baecula
633 3801 722 3849 nostra
729 3798 813 3866 jocus,
824 3797 1014 3867 ludibriumque
1026 3798 1102 3851 Deis.

347 3945 457 4031 Hujus
471 3947 580 4032 itaque
595 3957 659 4011 tarn
674 3948 852 4027 immensae,
866 3961 933 4013 tam
955 3951 1110 4015 mirabilis
1124 3960 1157 4015 et
1171 3952 1296 4017 inenar-

346 4048 456 4111 rabilis
471 4049 651 4131 Tragoediae
666 4053 718 4113 vel
733 4048 910 4115 Comoediae
926 4053 1096 4130 theatrum,
1111 4074 1174 4137 quo
1188 4053 1298 4137 peragi

348 4150 459 4231 possit,
474 4150 504 4212 ei
518 4150 704 4214 mirabiliter
715 4160 911 4234 ooaequatur.
956 4153 1061 4217 Tanta
1075 4162 1125 4216 est
1134 4174 1209 4217 area
1218 4153 1299 4236 ejus,

350 4260 487 4329 quantus
515 4261 548 4316 et
576 4251 671 4315 orbis.
728 4252 962 4315 Difficillimum
991 4264 1040 4316 est
1069 4262 1104 4316 ut
1132 4253 1300 4336 quisquam
