3384 5234
369 707 440 753 css.
457 693 511 767 11.]
716 708 971 755 ronrcnsrrcus.
1257 697 1319 755 26³

368 858 508 925 rationis.
552 864 604 925 Ea
619 881 693 924 vero
709 882 781 945 quae
800 860 923 923 cultum
938 856 1098 942 religionis
1119 859 1151 921 in
1167 858 1259 922 nobis
1273 859 1319 922 in-

368 958 516 1038 stituunt,
532 951 564 1026 et
586 962 769 1037 informant,
785 974 817 1026 et
840 961 902 1026 Dei
924 961 974 1039 (ne
993 959 1168 1024 secundum
1190 959 1319 1025 Plutar-

367 1058 462 1125 chum
471 1065 612 1127 Deorum
623 1063 737 1144 dicam)
748 1060 1088 1136 ceremoniastradunt
1096 1064 1194 1125 vicem
1205 1062 1319 1125 animae

366 1162 398 1224 in
413 1185 546 1250 corpore
560 1163 759 1249 Reipublicae
781 1161 937 1228 obtinent.
983 1161 1060 1227 Illos
1075 1186 1159 1239 vero,
1175 1164 1233 1249 qui
1248 1163 1320 1227 reli-

367 1260 470 1346 gionis
481 1265 583 1330 cultui
594 1278 749 1351 praesunt,
761 1267 852 1352 quasi
864 1265 1001 1328 animam
1012 1265 1154 1350 corporis
1162 1264 1318 1349 suspicere

367 1379 400 1427 et
414 1367 554 1430 venerari
575 1380 714 1453 oportet.
760 1366 841 1441 Quis
855 1370 938 1429 enim
962 1365 1137 1430 sanctitatis
1159 1365 1318 1430 ministros

368 1465 430 1528 Dei
446 1466 546 1551 ipsius
559 1468 699 1532 ¹vicarios
716 1491 782 1533 esse
806 1468 966 1552 ambigit?
992 1466 1093 1531 Porro
1113 1471 1195 1532 sicut
1214 1469 1319 1531 anima

369 1567 468 1632 totius
483 1568 579 1634 habet
593 1569 733 1657 corporis
748 1569 962 1655 principatum
977 1594 984 1631 :
1008 1569 1096 1633 itaet
1111 1569 1156 1645 hi,
1173 1593 1251 1654 quos
1265 1568 1318 1632 ille

369 1667 529 1753 religionis
543 1672 711 1757 praefectos
727 1683 828 1749 vocat,
845 1672 904 1736 toti
919 1672 1043 1756 corpori
1054 1685 1206 1756 praesunt.
1251 1673 1319 1735 Au·

369 1783 483 1854 gustus
493 1774 601 1838 Caesar
612 1797 649 1837 eo
659 1797 762 1861 usque
772 1795 932 1838 sacrorum
942 1773 1146 1858 pontificibus
1155 1774 1320 1859 subjectus

370 1872 444 1950 fuit,
460 1873 560 1939 donec
581 1877 706 1962 etipse,
727 1900 765 1939 ne
787 1877 840 1941 cui
860 1875 988 1939 omnino
1010 1876 1164 1955 subesset,
1186 1874 1321 1938 Vestalis

370 1986 495 2039 creatus
517 1988 563 2041 est
586 1977 746 2057 Pontifex,
768 1990 798 2041 et
822 1975 919 2061 paulo
941 1987 1015 2062 post
1037 1976 1078 2039 ad
1101 1977 1187 2039 Deos
1201 1974 1321 2039 relatus

370 2086 418 2139 est
432 2075 534 2141 vivus.
579 2078 730 2164 Princeps
740 2101 814 2141 vero
828 2078 942 2163 capitis
956 2078 988 2141 in
1004 2076 1183 2164 Republica
1196 2078 1320 2141 obtinet

369 2176 485 2259 locum,
502 2180 557 2243 uni
573 2181 737 2267 subjectus
753 2184 834 2258 Deo,
846 2192 879 2245 et
891 2182 940 2244 his
956 2184 1013 2268 qui
1023 2184 1108 2245 vices
1122 2180 1207 2243 illius
1219 2191 1321 2264 agunt

371 2277 402 2341 in
418 2280 522 2360 terris,
544 2284 694 2368 quoniam
716 2294 748 2347 et
771 2283 803 2346 in
826 2283 967 2347 humano
989 2305 1132 2369 corpore,
1154 2282 1195 2345 ab
1217 2285 1322 2345 anima

372 2394 539 2463 vegetatur
567 2395 719 2469 caputet
746 2382 878 2466 regitur.
924 2382 1040 2447 Cordis
1063 2381 1166 2445 locum
1196 2395 1322 2447 senatus

372 2480 506 2557 obtinet,
521 2504 540 2543 a
549 2505 613 2567 quo
623 2482 778 2545 bonorum
788 2502 922 2564 operum
937 2481 1133 2543 etmalorum
1144 2481 1322 2563 procedunt

372 2580 473 2644 initia.
496 2582 684 2655 Oculorum,
697 2580 834 2656 aurium,
845 2592 876 2642 et
889 2579 1008 2663 linguae
1019 2578 1132 2654 officia,
1145 2579 1205 2641 sibi
1213 2580 1323 2643 vendi·

373 2695 448 2746 cant
465 2682 592 2766 judices
614 2696 645 2744 et
668 2679 818 2765 praesides
841 2680 1086 2765 provinciarum.
1112 2678 1269 2743 Officiales
1290 2695 1322 2743 et

323 2791 325 2801 '
372 2782 489 2844 milites
514 2782 661 2845 manibus
684 2793 886 2867 coaptantur.
932 2782 995 2859 Qui
1019 2802 1142 2866 semper
1164 2769 1322 2845 adsistunt

374 2880 521 2967 principi,
540 2881 693 2944 lateribus
712 2879 936 2945 assimilantur.
982 2882 1164 2959 Quaestores
1186 2894 1218 2946 et
1240 2904 1324 2945 com-

373 2980 607 3061 mentarienses,
629 3001 691 3045 non
712 2982 783 3047 illos
798 2982 869 3045 dico
891 2986 948 3067 qui
965 2983 1146 3049 carceribus
1166 2996 1322 3069 praesunt,

374 3083 428 3148 sad
451 3087 580 3149 comites
595 3105 700 3148 rerum
723 3083 933 3170 privatarum,
949 3085 989 3148 ad
1012 3087 1131 3149 ventris
1151 3098 1184 3149 et
1202 3086 1324 3150 intesti-

375 3206 489 3249 norum
512 3185 608 3250 refert
629 3186 809 3269 imaginem.
855 3187 936 3263 Quae
953 3187 979 3250 si
994 3187 1147 3254 immensa
1169 3186 1322 3252 ariditate

375 3286 599 3371 congesserint,
622 3301 654 3351 et
676 3299 826 3371 congesta
847 3287 990 3351 tenacius
1015 3288 1253 3368 reservaverint,
1275 3290 1324 3352 iu·

374 3387 585 3454 numerabiles
599 3395 631 3454 et
653 3390 843 3455 incurabiles
857 3403 1010 3475 generant
1032 3391 1170 3469 morbos,
1193 3403 1230 3455 ut
1246 3392 1325 3454 vitio

376 3514 485 3555 eorum
502 3492 599 3557 totius
614 3492 754 3578 corporis
767 3492 862 3555 ruina
876 3491 1048 3557 immineat.
1092 3491 1234 3557 Pedibus
1249 3513 1324 3555 vero

375 3594 441 3657 solo
450 3593 573 3679 jugiter
584 3593 823 3672 inhaerentibus,
832 3593 979 3678 agricolae
989 3606 1190 3679 coaptantur,
1204 3594 1324 3680 quibus

374 3696 486 3781 capitis
515 3696 715 3782 providentia
738 3708 829 3761 tanto
857 3695 960 3780 magis
983 3694 1155 3759 necessaria
1176 3707 1236 3771 est,
1259 3717 1324 3780 quo

373 3801 468 3883 plura
482 3797 648 3863 inveniunt
662 3797 864 3872 offendicula,
876 3799 954 3862 dum
969 3797 1000 3860 in
1016 3796 1171 3882 obsequio
1185 3800 1325 3881 corporis

375 3898 407 3961 in
437 3911 521 3963 terra
549 3899 751 3983 gradiuntur,
780 3902 891 3983 eisque
916 3899 1037 3985 justius
1068 3907 1324 3982 tegumentorum

376 3999 511 4063 debetur
523 4000 722 4084 suffragium,
738 3999 794 4084 qui
810 4003 911 4064 totius
921 3998 1061 4084 corporis
1075 3998 1214 4081 erigunt,
1231 3996 1326 4061 susti·

374 4113 461 4176 nent,
472 4114 504 4165 et
516 4114 703 4187 promovent
713 4101 838 4166 molem.
864 4101 987 4166 Pedum
1004 4099 1199 4163 adminicula
1213 4099 1325 4162 robus·

374 4200 494 4263 tissimo
515 4224 646 4288 corpore
668 4201 754 4279 tolle,
769 4201 833 4264 suis
856 4203 978 4265 viribus
999 4222 1061 4263 non
1084 4199 1246 4284 procedet,
1270 4198 1325 4263 sed

376 4310 431 4363 aut
464 4299 610 4383 turpiter,
641 4300 809 4375 inutiliter,
834 4313 865 4370 et
889 4303 1019 4363 moleste
1047 4298 1193 4361 manibus
1223 4312 1323 4382 repet,
