3384 5234
424 683 465 743 tn
671 692 807 739 somnis
823 691 1103 738 saunsuamunsm
1238 671 1321 753 [ms.
1337 691 1375 735 11.⁴

424 846 513 910 flevit
529 867 624 931 super
636 867 717 921 eam,
733 857 765 909 et
781 845 914 909 velutin
931 843 1063 907 auribus
1077 842 1148 928 ejus
1160 841 1376 928 proloquntus

422 962 469 1011 est
481 946 549 1010 haec
562 947 677 1011 verbar
701 947 733 1010 si
746 946 955 1031 cognovisses,
965 945 1081 1030 inquit,
1090 957 1121 1008 et
1137 956 1184 1017 tu,
1197 957 1228 1007 et
1244 943 1375 1029 quidem

421 1048 454 1111 in
484 1047 543 1111 hac
572 1047 625 1112 die
649 1071 723 1133 quan
752 1047 793 1110 ad
819 1070 930 1132 pacem
956 1046 1015 1110 tibi
1046 1058 1131 1118 sunt,
1157 1068 1242 1109 nunc
1267 1059 1373 1110 autem

418 1148 605 1213 abscondita
621 1162 694 1213 sunt
710 1150 750 1212 ab
765 1147 866 1211 oculis
881 1148 955 1221 tuis,
968 1147 1043 1233 quia
1060 1148 1183 1211 venient
1198 1146 1266 1210 dies
1281 1147 1312 1209 in
1330 1159 1373 1223 te,

420 1262 453 1314 et
468 1249 712 1315 circumdabunt
729 1262 760 1315 te
775 1247 893 1313 inimici
909 1252 958 1313 tui
975 1248 1069 1324 valio,
1082 1260 1112 1313 et
1128 1248 1372 1312 circumdabunt

422 1365 465 1429 te,
488 1364 519 1416 et
542 1352 798 1438 coangustabunt
824 1363 856 1415 te
878 1348 1031 1435 undique,
1057 1362 1089 1414 et
1111 1349 1152 1413 ad
1175 1349 1276 1414 solum
1300 1373 1373 1436 pro-

421 1463 562 1517 sternent
578 1464 620 1532 te,
630 1467 662 1517 et
672 1453 755 1516 filios
766 1464 839 1517 tuos
850 1454 881 1515 in
895 1462 936 1516 te.
983 1452 1022 1513 Iu
1034 1451 1119 1516 hunc
1134 1452 1262 1516 modurn
1275 1474 1371 1537 quam

420 1556 558 1641 plurima
573 1556 691 1620 divinae
711 1552 960 1620 comminationis
974 1554 1117 1618 tonitrua
1140 1555 1265 1641 publice
1280 1553 1372 1619 indu·

421 1658 499 1722 ratis
513 1657 641 1723 auribus
659 1657 860 1731 resonabant,
875 1678 1039 1741 quousque
1059 1658 1189 1743 sanguis
1199 1658 1371 1744 justorum,
1415 1661 1424 1688 ⁸

420 1759 475 1822 sed
491 1771 523 1824 et
545 1758 645 1845 ipsius
662 1758 746 1844 justi
768 1756 935 1840 singularis
950 1770 982 1820 et
1005 1757 1101 1834 unici,
1124 1760 1181 1843 qui
1202 1758 1243 1822 ab
1265 1757 1371 1843 impiis

420 1860 528 1946 inique
557 1860 674 1926 effusus
710 1871 768 1934 est,
799 1860 890 1944 justo
919 1858 981 1922 Dei
1010 1859 1134 1944 judicio
1163 1871 1369 1945 quaereretur.

419 1962 534 2026 Attriti
545 1974 618 2025 suut
634 1985 709 2045 ergo
726 1959 842 2048 plagis,
858 1960 949 2024 bellis
965 1964 1067 2035 strati,
1083 1974 1115 2026 et
1131 1985 1150 2025 a
1164 1962 1274 2046 patriis
1289 1961 1371 2041 sedi-

416 2060 477 2125 bus
502 2059 618 2125 divinae
639 2060 868 2150 indignationis
893 2060 988 2124 excisi
1014 2061 1152 2141 turbine,
1173 2073 1210 2125 ut
1233 2062 1266 2126 in
1291 2062 1369 2125 urbe

417 2160 653 2247 gloriosissima,
683 2184 741 2226 uec
771 2162 852 2249 lapis
881 2184 976 2248 super
1004 2161 1142 2249 lapidem
1174 2175 1367 2226 remaneret:

416 2262 539 2348 fuitque
567 2263 677 2349 populi
707 2263 858 2339 indurati,
888 2277 920 2327 et
950 2264 1064 2349 quovis
1098 2263 1203 2349 lapide
1232 2262 1368 2327 durioris

418 2364 584 2429 tribulatio
607 2378 706 2444 tanta,
723 2377 841 2452 quanta
862 2388 923 2429 non
946 2365 1010 2430 fuit
1025 2388 1067 2429 ex
1088 2388 1154 2451 quo
1169 2377 1279 2450 gentes
1300 2388 1367 2429 esse

415 2479 592 2552 coeperunt,
608 2467 763 2552 usquead
780 2466 865 2534 diem
880 2466 972 2542 hanc,

416 2769 496 2853 Cap.
513 2773 542 2832 8.
566 2771 618 2833 De
629 2769 889 2849 peregrinatione
893 2768 1056 2851 fideliam,
1072 2790 1150 2851 quos
1163 2771 1223 2834 sub
1237 2792 1275 2834 ea
1290 2778 1366 2834 tem·

542 2877 664 2952 pestate
677 2872 816 2933 servavit
833 2870 985 2934 Christus
998 2873 1088 2953 apud
1101 2875 1237 2939 Pellam,

457 3031 626 3095 Eccrusn
638 3052 711 3094 vero
721 3052 794 3119 quae
806 3030 911 3095 fuerat
921 3030 1153 3119 Hierosolymis
1164 3047 1365 3119 congregata,

415 3132 570 3197 divinitus
585 3133 717 3199 transire
735 3134 825 3219 jussa
840 3146 887 3198 est
904 3146 991 3198 trans
1010 3136 1196 3216 Jordanem,
1210 3136 1251 3200 ad
1273 3139 1364 3225 oppi-

414 3232 493 3302 dum
517 3233 679 3319 quoddam
702 3237 828 3297 nomine
850 3233 983 3307 Pellam,
1007 3258 1071 3321 quo
1093 3237 1207 3302 ablatis
1228 3263 1268 3302 ex
1286 3242 1364 3305 urbe

413 3333 591 3397 cultoribus
607 3333 679 3411 Dei,
694 3334 828 3397 coelestis
848 3334 1000 3398 vindictae
1021 3336 1109 3400 fieret
1125 3338 1225 3415 locus,
1243 3364 1316 3425 quae
1330 3342 1362 3406 in

413 3435 524 3499 urbem
540 3447 731 3519 gentemque
743 3432 925 3515 sacrilegam
941 3434 1045 3498 fuerat
1060 3439 1245 3516 exercenda.
1269 3443 1363 3516 Quod

412 3545 444 3595 et
474 3531 637 3595 Eusebius
671 3530 872 3594 Caesariensis
907 3532 938 3595 in
975 3533 1195 3599 Ecclesiastica
1231 3539 1374 3619 historian

411 3630 535 3715 plenius
549 3631 689 3717 exponit.

411 3952 491 4036 Cap.
506 3954 535 4014 9.
559 3952 785 4014 Testimonium
802 3952 887 4032 quod
898 3954 1040 4033 perhibet
1052 3955 1212 4039 Iosephus
1225 3959 1359 4034 Chresto.

454 4089 507 4149 ΕΤ
527 4084 655 4169 quidem
679 4084 747 4149 haec
768 4084 874 4149 omnia
896 4087 1066 4152 rectissime
1088 4093 1171 4174 passi
1195 4109 1279 4172 sunt,
1301 4100 1358 4183 qui

411 4187 443 4251 in
464 4186 563 4251 filium
589 4185 649 4251 Dei
672 4209 782 4251 manus
802 4189 969 4274 sacrilegas
991 4192 1160 4258 extendere
1180 4218 1357 4285 praesump-

412 4303 639 4378 serunt‚quum
650 4290 835 4354 testimoniis
845 4292 1256 4379 scripturarum,etvirtute
1266 4301 1359 4367 mira·
