3384 5234
431 677 494 735 240
698 688 836 732 soannrs
850 688 1129 733 sanasannransrs
1234 673 1316 752 [nm.
1333 693 1377 739 rv.

429 840 530 926 cipem
546 836 743 912 excolebant,
764 838 881 901 scilicet
899 838 1106 919 Sapientiam,
1121 839 1192 903 ideo
1207 839 1293 924 qnod
1309 841 1380 927 ipsa

428 941 576 1005 omnibus
587 953 710 1025 praeest.
728 940 824 1003 Unde
836 953 867 1005 et
882 940 1068 1026 Philosophi
1080 956 1201 1005 veteres
1209 944 1379 1027 imaginem

431 1041 602 1124 Sapientiae
623 1061 682 1123 pro
708 1039 832 1103 foribus
851 1039 990 1103 omnium
1016 1039 1206 1124 templorum
1227 1041 1327 1127 pingi,
1348 1057 1381 1107 et

430 1140 498 1205 haec
513 1141 611 1205 verba
625 1138 719 1204 scribi
735 1140 850 1204 debere
865 1152 1076 1204 censuerunt:

534 1258 606 1309 Usus
618 1274 660 1307 me
672 1256 771 1323 gennit,
783 1257 885 1326 peperit
898 1256 1043 1307 Memoria:

533 1342 656 1412 Sophiam
668 1358 711 1393 me
721 1347 813 1392 vocant
825 1341 909 1404 Graii,
922 1358 967 1392 vos
979 1341 1152 1411 Sapientiam.

428 1444 474 1506 Et
500 1442 568 1506 haec
593 1443 690 1506 item:
715 1442 788 1524 Ego
811 1440 865 1504 odi
892 1439 1034 1504 homines
1058 1441 1187 1518 stultos,
1210 1454 1242 1505 et
1262 1446 1378 1527 ignava

427 1566 534 1630 opera,
556 1558 588 1610 et
616 1543 851 1630 philosophicas
873 1542 1051 1607 sententias.
1098 1545 1144 1608 Et
1167 1543 1297 1629 quidem
1315 1545 1378 1607 ele·

427 1659 540 1731 gauter
555 1645 600 1708 illi
619 1646 679 1709 ista
694 1646 868 1723 finxerunt,
890 1644 964 1708 licet
981 1645 1145 1709 veritatem
1166 1650 1265 1730 ipsam
1285 1648 1377 1731 plene

427 1768 491 1809 non
507 1745 670 1809 noverint:
695 1744 818 1807 adeam
840 1758 945 1807 tamen
961 1744 1161 1829 aliquatenus
1183 1745 1378 1824 accedentes,

428 1846 505 1911 dum
523 1847 706 1933 sapientiam
731 1845 885 1923 omnium,
902 1869 974 1931 quae
998 1860 1082 1910 recte
1102 1846 1196 1924 liunt,
1217 1847 1331 1910 ducem
1346 1862 1378 1913 et

428 1949 963 2035 principemarbitrantur,qunmet
973 1949 1041 2033 ipsa
1051 1950 1205 2014 veraciter
1214 1948 1381 2033 glorietur,

428 2049 513 2135 quod
532 2054 565 2115 in
580 2051 665 2114 omni
688 2062 782 2133 gente
804 2062 836 2112 et
852 2050 973 2135 populo
993 2073 1012 2112 a
1027 2051 1184 2135 principio
1203 2051 1376 2136 primatum

428 2150 542 2227 tenuit,
557 2149 767 2235 superborum
778 2160 808 2211 et
826 2149 1010 2213 sublimium
1022 2149 1103 2213 colla
1113 2148 1243 2235 propria
1258 2150 1377 2213 virtute

427 2250 559 2314 calcans.
606 2249 751 2315 Salomon
770 2272 900 2336 quoque
916 2274 949 2314 se
968 2274 1036 2316 earn
1059 2274 1155 2337 super
1181 2250 1326 2330 salutem,
1346 2270 1393 2316 et·

428 2350 533 2413 omnia
548 2349 682 2435 pulchra
701 2349 850 2413 dilexisse
872 2351 1004 2426 fatetur,
1019 2364 1051 2415 et
1071 2351 1111 2415 ad
1128 2351 1231 2436 ipsum
1254 2374 1380 2415 cumea

427 2450 533 2514 omnia
547 2452 630 2514 bona
645 2450 818 2515 accessisse.
1172 2459 1175 2463 ’

430 2710 510 2795 Cap.
527 2717 554 2774 7.
582 2711 671 2782 Quod
692 2710 831 2774 timorem
857 2711 919 2774 Dei
941 2708 1044 2771 doceri
1066 2708 1162 2788 debet,
1192 2717 1222 2772 et
1244 2710 1377 2774 humilis

471 2830 546 2884 esse,
576 2821 607 2875 et
633 2816 677 2875 ait
697 2832 824 2875 servem
848 2810 1074 2883 humilitatem,
1097 2811 1183 2891 quod
1203 2815 1378 2876 auctoritas

467 2909 597 2995 publico
613 2934 678 2977 non
699 2918 892 2977 minuatur:
915 2921 944 2974 et
958 2914 1042 2993 quod
1058 2922 1294 2994 praceptorum
1310 2915 1378 2977 alia

427 3022 430 3097 j
471 3015 612 3090 mobilia,
629 3017 697 3078 olio
712 3017 895 3078 immobilia.

472 3187 647 3257 Snourrun
663 3197 699 3248 ut
714 3184 815 3250 discat
831 3186 941 3249 timere
958 3187 1131 3249 Dominum
1149 3187 1254 3249 Deum
1272 3207 1377 3265 snum,

427 3299 459 3351 et
474 3286 635 3350 custodire
658 3286 754 3349 verba
776 3288 845 3373 ejus
868 3310 941 3371 quae
964 3286 995 3350 in
1018 3286 1088 3371 lege
1110 3297 1272 3372 praecepta
1292 3302 1377 3350 sunt.

429 3389 566 3452 Causam
589 3386 740 3472 legitimae
763 3388 1004 3465 observationis,
1027 3386 1079 3451 lex
1101 3387 1170 3473 ipsa
1191 3387 1376 3472 subjungit:

427 3501 464 3553 ut
479 3488 590 3569 discat,
605 3488 717 3573 inquit.
764 3488 910 3575 Diligens
932 3511 1070 3575 namque
1091 3487 1201 3565 lector,
1221 3489 1300 3574 legis
1315 3488 1378 3553 dis-

426 3587 553 3672 cipulus
568 3600 626 3667 est,
646 3612 708 3652 non
725 3591 893 3674 magister:
917 3613 974 3654 nec
989 3591 1030 3654 ad
1053 3613 1179 3655 sensum
1195 3613 1289 3653 suum
1304 3612 1379 3674 cap-

427 3688 558 3751 tivatam
581 3702 745 3775 retorquet
760 3686 944 3777 legem‚'sed
961 3693 1059 3756 menti
1074 3693 1143 3776 ejus
1157 3704 1189 3754 et
1203 3689 1378 3771 integritati

426 3811 535 3853 sensus
558 3813 632 3854 suos
654 3792 880 3855 accommodat.
926 3792 988 3855 Sed
1011 3790 1187 3875 discipulus
1215 3790 1276 3854 iste
1297 3789 1377 3874 quid

426 3889 537 3955 discit?
570 3890 693 3975 Utique
706 3890 816 3954 timere
832 3889 1006 3955 Dominum
1018 3894 1123 3954 Deum
1135 3910 1241 3951 suum.
1278 3889 1379 3952 Recte

425 3993 566 4076 quidem,
575 4015 611 4054 eo
622 3992 710 4076 quod
722 3991 876 4077 sapientia
886 3990 982 4076 parit,
992 4002 1024 4054 et
1035 3989 1141 4052 firmat
1152 3988 1376 4075 principatum.

426 4093 531 4175 Atqui
562 4091 687 4155 initium
718 4093 880 4178 sapientiae
903 4094 998 4157 timor
1021 4089 1162 4154 Domini.
1207 4088 1270 4166 Qui
1300 4111 1377 4174 ergo

426 4192 547 4256 timoris
558 4214 620 4256 non
643 4192 789 4257 initiatur
811 4194 925 4279 gradu,
946 4193 1065 4258 frustra
1086 4191 1128 4256 ad
1143 4190 1277 4276 legitimi
1292 4193 1379 4277 prin-

425 4291 548 4377 cipatus
570 4292 695 4355 culmen
711 4293 840 4376 aspirat.
885 4294 1048 4379 Legitimi,
1066 4292 1216 4379 inquam:
1241 4291 1317 4377 qnia
1337 4292 1376 4356 de
