3384 5234
510 702 572 759 276
757 710 893 756 ioannis
910 710 1189 756 saunsuanmums
1337 694 1418 774 [mn.
1435 715 1467 759 v,

510 862 682 927 mulatione
698 862 850 948 neglecta,
862 862 1061 926 commissum
1079 862 1221 949 quinque
1233 862 1384 929 librarum
1397 864 1468 927 auri

510 964 767 1029 condemnatione
782 965 951 1051 plectatur.
997 965 1078 1041 Quae
1093 986 1169 1027 vero
1188 964 1355 1051 privilegia
1370 966 1469 1029 eccle-

510 1067 626 1130 siarum
638 1065 844 1152 locorumque
858 1065 1095 1143 venerabilium,
1105 1078 1136 1130 et
1150 1065 1366 1131 ministrorum
1380 1080 1471 1146 sunt,

512 1168 620 1231 divino
635 1168 716 1232 fiunt
733 1180 764 1233 et
781 1168 922 1233 humano
939 1168 1014 1254 jure
1029 1168 1202 1244 notissima,
1219 1191 1319 1254 quum
1334 1168 1385 1233 vel
1406 1192 1468 1233 usu

506 1270 573 1355 jam
603 1269 734 1355 liqueat,
764 1270 851 1357 quod
882 1292 945 1333 non
975 1284 1109 1357 possunt
1139 1269 1197 1334 nisi
1228 1270 1314 1357 apud
1340 1270 1469 1356 judices

509 1368 734 1433 ecclesiasticos
749 1369 927 1443 conveniri3
949 1383 981 1433 et
997 1369 1022 1432 si
1035 1369 1109 1455 quis
1124 1369 1155 1433 in
1172 1370 1312 1457 aliquem
1326 1371 1367 1435 de
1382 1371 1469 1435 clero

509 1464 665 1534 iiolentas
680 1491 792 1533 manus
805 1469 960 1555 injecerit,
976 1469 1177 1535 anathemate
1193 1471 1338 1549 feriatur,
1354 1485 1391 1537 ut
1407 1473 1469 1536 nisi

510 1593 567 1658 per
582 1574 762 1635 Romanum
778 1571 965 1635 Pontificem
982 1572 1106 1637 absolvi
1122 1595 1183 1636 non
1199 1573 1310 1659 possit.
1355 1576 1468 1661 Hujus

509 1673 650 1737 criminis
675 1672 750 1737 alibi
774 1673 895 1738 frustra
920 1674 1079 1758 quoeritur
1102 1674 1203 1752 venia,
1227 1675 1286 1739 nisi
1311 1675 1468 1741 articulus

509 1776 621 1839 mortis
640 1775 723 1839 forte
742 1774 916 1853 immineat,
933 1775 1009 1862 quia
1030 1798 1088 1839 nec
1110 1777 1246 1862 pervim
1268 1780 1467 1863 extorqueri,

508 1899 566 1940 nec
582 1877 697 1963 surripi
718 1889 822 1963 potest
847 1899 904 1963 per
918 1877 1076 1941 fraudem·
1122 1881 1261 1943 Auctore
1284 1878 1467 1944 Claudiano

511 1978 713 2042 Theodosius
727 1979 784 2056 ait,

857 2097 920 2151 Non
933 2097 1097 2167 extorquebis
1109 2100 1191 2151 amari
1197 2117 1205 2164 ;

615 2182 675 2235 Hoc
686 2182 786 2235 alterna
796 2182 872 2248 fides,
883 2184 933 2236 hoe
945 2184 1056 2255 simplex
1068 2185 1154 2252 matie
1165 2185 1254 2238 donat.

509 2286 725 2352 Nihilominus
742 2310 852 2352 verum
868 2301 928 2369 est,
944 2289 1094 2375 quianon
1111 2289 1316 2376 extorquebis
1330 2288 1466 2371 absolvi,

509 2388 596 2473 quod
614 2388 681 2453 sola
693 2389 841 2454 contritio
856 2390 970 2467 cordis,
982 2391 1137 2455 confessio
1152 2390 1226 2471 oris,
1241 2403 1272 2456 et
1288 2390 1466 2455 satisfactio

508 2492 613 2577 operis
633 2505 864 2580 promerentur.
908 2493 1035 2579 Utique
1054 2516 1117 2557 non
1133 2493 1192 2575 vis,
1208 2493 1263 2559 sed
1278 2492 1383 2579 gratia
1397 2493 1468 2560 sola

502 2594 658 2680 justificet
673 2595 817 2681 impium,
828 2608 861 2660 et
875 2595 965 2659 fraus
980 2594 1139 2681 peccatori
1154 2617 1217 2659 non
1232 2594 1374 2681 prodest,
1384 2595 1465 2680 quia

510 2696 649 2783 Spiritus
665 2710 795 2761 sanctus
809 2696 986 2783 disciplinae
1002 2697 1114 2782 effugit
1130 2697 1253 2773 fictum,
1264 2720 1323 2762 nec
1337 2696 1463 2762 habitat

507 2799 540 2862 in
556 2823 687 2887 corpore
702 2799 832 2865 subdito
846 2798 994 2888 peccatis.
1040 2799 1131 2864 Alibi
1149 2822 1200 2864 me
1214 2800 1333 2864 dixisse
1347 2798 1465 2877 recolo,

509 2901 593 2986 qnia,
617 2915 696 2967 teste
718 2925 835 2989 magno
859 2915 951 2988 patre
974 2901 1174 2987 Augustino,
1201 2900 1351 2965 simulata
1371 2900 1466 2965 inuo-

507 3003 611 3068 centia
636 3027 697 3067 non
722 3018 769 3068 est
791 3004 979 3085 innocentia,
1002 3003 1057 3067 sed
1084 3003 1205 3089 duplex
1232 3001 1364 3082 malitia,
1385 3002 1467 3089 quia

508 3116 541 3166 et
556 3103 677 3169 malitia
692 3118 751 3181 est,
763 3119 795 3169 et
807 3102 979 3169 simulatio.
1008 3105 1160 3189 AEquitas
1171 3127 1302 3191 quoque
1316 3101 1468 3168 simulata

508 3217 634 3267 nonest
655 3204 800 3289 aequitas,
816 3202 869 3266 sed
892 3202 1012 3288 duplex
1034 3201 1198 3287 iniquitas,
1213 3201 1290 3286 quia
1309 3200 1466 3285 iniquitas

509 3318 556 3369 est
573 3318 603 3369 et
619 3305 788 3369 simulatio.
835 3304 931 3368 Unde
954 3302 1163 3367 immoderato
1185 3316 1314 3387 stupore
1331 3302 1467 3366 confun-

508 3406 577 3487 dor,
589 3430 690 3495 quum
701 3407 957 3492 frequentissime
972 3404 1109 3482 videam,
1121 3405 1225 3468 nescio
1235 3404 1344 3469 fideles
1357 3425 1398 3468 an
1413 3404 1466 3467 in·

507 3509 616 3574 fideles
638 3510 752 3587 dicam,
775 3510 808 3573 in
835 3508 999 3593 sacrilegio
1023 3506 1210 3593 hujusmodi
1236 3505 1464 3593 deprehensos,

507 3609 546 3672 ad
563 3609 623 3673 hoc
639 3610 714 3675 totis
726 3610 847 3675 viribus
862 3609 1020 3687 anhelare,
1032 3621 1069 3673 ut
1084 3621 1116 3673 et
1132 3607 1225 3672 minis
1241 3620 1272 3673 et
1289 3606 1467 3673 terroribus

507 3724 641 3794 urgeant
652 3710 828 3775 sacerdotes
837 3710 876 3773 ad
890 3708 1118 3774 absolutionem
1129 3709 1353 3795 praestandam,
1362 3730 1465 3795 quam

505 3832 562 3875 nee
584 3810 636 3874 isti
658 3811 794 3875 fideliter
809 3812 896 3886 dare,
912 3833 969 3873 nec
992 3809 1038 3873 illi
1061 3811 1092 3873 in
1116 3811 1315 3875 contumacia
1335 3808 1465 3876 utiliter

504 3912 647 3996 accipere
676 3922 818 3995 possunt.
875 3912 956 3974 Sane
979 3910 1104 3975 facilius
1134 3925 1182 3976 est
1212 3925 1387 3996 utrumque
1412 3911 1464 3975 in·

504 4012 600 4090 volvi,
613 4035 709 4098 quam
725 4011 859 4076 alterum
876 4014 1009 4075 istorum
1026 4013 1180 4098 expediri.
1221 4012 1338 4080 Utrius
1354 4023 1464 4078 tamen

503 4112 599 4199 culpa
620 4114 661 4179 sit
683 4113 822 4198 gravior,
846 4136 908 4177 non
933 4112 1025 4177 facile
1049 4113 1194 4179 dixerim.
1240 4118 1323 4180 Haec
1349 4113 1391 4177 de
1413 4113 1466 4179 his

501 4239 574 4302 quae
589 4216 621 4280 in
639 4217 767 4304 politica
787 4217 1015 4283 constitutione
1034 4216 1212 4297 Plutarchi,
1228 4216 1327 4281 vicem
1343 4218 1464 4281 animas

498 4320 656 4386 obtinent.
