3384 5234
431 686 494 745 228
695 694 829 739 Jcnums
846 692 1125 737 snnrsanmnnsls
1245 674 1327 752 [nm.
1343 692 1385 736 1v.

423 851 563 924 terram,
579 868 674 934 quam
691 844 850 908 Dominus
871 846 960 906 Deus
975 842 1064 906 dabit
1079 839 1149 921 tibi,
1163 854 1195 905 et
1211 839 1386 925 possederis

434 972 515 1026 eam,
537 945 793 1031 habitaverisque
819 944 852 1006 in
879 942 944 1018 illa,
970 956 1002 1006 et
1031 941 1158 1016 dixeris,
1183 941 1384 1006 Constituam

434 1073 528 1136 snper
553 1072 603 1114 me
628 1069 732 1131 regem
758 1046 839 1108 sicut
864 1043 983 1108 habent
1007 1065 1115 1107 omnes
1137 1064 1194 1128 per
1217 1041 1385 1106 circuitum

434 1152 586 1227 nationes,
602 1173 673 1213 eum
698 1147 882 1225 constitues,
899 1168 991 1229 quem
1017 1144 1176 1207 Dominus
1197 1144 1287 1206 Deus
1309 1155 1385 1206 tuus

435 1252 564 1336 elegerit
595 1254 634 1314 de
661 1270 793 1311 numero
818 1247 954 1309 fratrum
986 1257 1121 1310 tuorum.
1167 1250 1239 1310 Non
1266 1244 1385 1329 poteris

435 1354 565 1418 alterius
590 1352 694 1437 gentis
719 1348 878 1412 hominem
903 1370 1009 1432 regem
1035 1349 1150 1424 facere,
1177 1344 1232 1432 qui
1256 1368 1317 1409 non
1343 1346 1384 1408 sit

435 1457 533 1520 frater
549 1467 633 1519 tuus.
679 1454 852 1535 Quumque
867 1449 961 1513 fuerit
977 1451 1179 1525 constitutus,
1198 1471 1258 1512 non
1280 1447 1388 1511 multi-

435 1557 565 1645 plicabit
575 1555 634 1619 sibi
646 1576 756 1639 equos,
766 1551 965 1615 nec'reducet
975 1551 1176 1636 populum'in
1190 1551 1383 1635 AEgyptum‚

435 1659 600 1744 equitatus
612 1678 744 1719 numero
755 1653 956 1719 sublevatus:
974 1657 1150 1738 praesertim
1162 1675 1262 1739 quum
1275 1653 1385 1716 Domi-

434 1782 496 1823 nus
524 1758 711 1844 praeceperit
738 1755 839 1834 vobis,
866 1769 902 1818 ut
932 1777 1133 1839 nequaquam
1163 1754 1300 1840 amplius
1328 1776 1384 1839 per

434 1859 565 1924 eandem
583 1859 664 1921 viam
686 1856 897 1922 revertamini.
943 1857 1016 1920 Non
1037 1856 1168 1921 habebit
1183 1862 1298 1919 u'xores
1313 1856 1383 1941 plu-

433 1966 531 2025 rimas
557 1984 629 2045 quae
653 1959 792 2023 afficiant
812 1959 948 2021 animam
976 1959 1055 2043 ejus,
1076 1981 1180 2043 neque
1201 1959 1325 2042 argenti
1351 1969 1383 2021 et

434 2062 503 2124 auri
519 2061 670 2123 immensa
691 2060 840 2145 pondera.
888 2062 1064 2146 Postquam
1085 2068 1192 2124 autem
1216 2061 1332 2123 sederit
1348 2062 1381 2123 in

435 2161 513 2224 solio
535 2160 624 2245 regni
649 2160 709 2237 sui,
733 2160 888 2225 describet
912 2161 971 2224 sibi
994 2161 1276 2226 Deuteronomium
1302 2162 1384 2246 legis

434 2263 533 2346 hujus
548 2262 579 2324 in
597 2261 768 2337 volumine,
785 2262 940 2346 accipiens
957 2267 1118 2347 exemplar
1132 2285 1151 2325 a
1165 2264 1383 2328 sacerdotibus

436 2364 590 2427 Leviticae
605 2364 717 2437 tribus,
735 2376 766 2427 et
781 2363 912 2428 habebit
928 2372 1043 2437 secum,
1061 2364 1208 2451 legetque
1222 2365 1301 2430 illud
1317 2372 1384 2429 om·

434 2465 530 2529 nibus
553 2464 666 2528 diebus
691 2465 764 2529 vitae
789 2488 867 2541 suae,
890 2478 928 2529 ut
949 2465 1050 2529 discat
1075 2464 1184 2529 timere
1207 2468 1381 2530 Dominum

433 2568 540 2631 Deum
564 2589 670 2642 suurn,
691 2579 723 2630 et
742 2566 902 2631 custodire
918 2567 1015 2631 verba
1036 2580 1068 2633 et
1090 2568 1280 2632 ceremonias
1301 2571 1383 2654 ejus,

434 2690 508 2753 quae
523 2668 555 2729 in
571 2666 641 2750 lege
656 2679 815 2752 praecepta
831 2680 918 2731 suut.
961 2667 1029 2730 Nec
1043 2667 1184 2732 elevetur
1198 2690 1252 2731 cor
1266 2670 1336 2753 ejus
1350 2670 1382 2732 in

433 2768 612 2854 superbiam
635 2790 730 2853 super
744 2767 859 2831 fratres
882 2791 966 2845 suos,
982 2792 1087 2855 neque
1106 2769 1240 2834 declinet
1256 2771 1289 2833 in
1310 2793 1382 2856 par-

434 2884 498 2934 tem
522 2869 684 2933 dexteram
705 2869 755 2933 vel
774 2869 949 2943 sinistram3
971 2880 1014 2934 'ut
1035 2870 1130 2955 longo
1150 2883 1292 2957 tempore
1312 2880 1382 2956 reg-

434 2986 488 3036 net
510 2972 579 3056 ipse
594 2983 624 3034 et
641 2969 727 3033 filius
742 2971 810 3056 ejus
833 2992 928 3055 super
945 2970 1053 3035 Israel.
1099 2971 1257 3057 Nunquid
1273 2995 1383 3058 quaeso

430 3072 523 3137 'nulla
536 3073 607 3157 lege
621 3084 773 3157 arctatur,
789 3095 884 3158 quem
906 3071 957 3135 lex
972 3075 1034 3137 ista
1052 3074 1263 3158 constringit?
1301 3078 1383 3139 Haec

434 3175 547 3260 utique
562 3172 670 3236 divina
682 3184 742 3252 est,
752 3185 784 3236 et
795 3176 925 3257 impune
940 3172 1018 3237 solvi
1033 3196 1096 3237 non
1111 3187 1225 3260 potest.
1251 3176 1384 3262 Singula

434 3275 532 3338 verba
547 3274 661 3358 ejus,si
684 3273 863 3376 sapiantlin
885 3275 1015 3338 auribus
1034 3276 1227 3361 principum,
1244 3278 1384 3342 tonitrua
1433 3354 1435 3357 ⁸

435 3388 519 3441 sunt.
566 3377 673 3439 Taceo
689 3375 728 3437 de
744 3373 895 3439 electione
910 3376 991 3459 ejus,
1007 3387 1039 3464 et
1054 3376 1156 3441 forma
1170 3378 1247 3461 ejus,
1260 3401 1334 3464 quae
1350 3380 1382 3442 in

436 3477 593 3560 Principis
607 3476 763 3540 creatione
775 3476 927 3560 exigitur.
965 3478 1101 3541 Vivendi
1116 3478 1298 3562 formulam,
1309 3503 1382 3565 quae

435 3578 463 3639 ei
483 3578 668 3663 praescripta
690 3591 748 3657 est,
762 3599 885 3640 mecum
901 3577 1063 3668 paulisper
1076 3579 1217 3643 attende.
1262 3583 1382 3659 Quum,

433 3675 550 3760 inquit,
562 3676 660 3738 fuerit
676 3680 881 3750 constitutus,
893 3680 951 3762 qui
966 3700 998 3739 se
1013 3678 1110 3742 totius
1126 3678 1236 3762 populi
1251 3680 1382 3743 fratrem

433 3776 594 3860 religionis
616 3776 717 3853 cultu,
731 3792 772 3841 >et
795 3777 911 3841 affectu
934 3780 1074 3842 caritatis
1096 3778 1295 3863 profiteatur,
1318 3803 1382 3847 non

433 3875 658 3961 multiplicabit
688 3878 747 3941 sibi
778 3901 888 3963 equos,
912 3899 1055 3963 'quorum
1085 3880 1311 3944 numerositate
1340 3883 1382 3949 sit

433 3977 568 4042 subditis
590 3999 752 4054 onerosus,
796 3978 1058 4065 Equos‘quidem
1079 3977 1308 4065 multiplicare,
1327 3998 1382 4049 ‘est

432 4077 540 4164 plures
554 4099 650 4161 quam
662 4078 731 4164 ipsa
745 4079 912 4143 necessitas
923 4078 1041 4163 exigat,
1051 4079 1140 4144 vanae
1151 4079 1262 4165 gloriae
1276 4106 1383 4165 causa,

431 4179 482 4242 vel
509 4177 782 4243 erroris'alterius
812 4201 1014 4263 congregare.
1035 4167 1226 4244 ''¹¹Multum’x
1240 4182 1322 4245 enim
1349 4195 1382 4248 et

410 4275 556 4367 ³parnm,
573 4279 598 4343 si
615 4280 901 4364 Peripateticorum
924 4280 1098 4368 principem
1115 4283 1290 4369 sequimur,
1305 4284 1383 4369 legi·
