3384 5234
413 704 476 769 loa
668 723 806 769 rasurus
822 725 1101 772 sanasamuausrs
1224 712 1317 787 [un.
1335 730 1372 774 11.

415 870 530 957 ingerit
554 872 750 958 quaestionis.
796 874 889 940 Licet
911 875 993 940 enim
1017 876 1201 943 futurorum
1230 878 1271 945 sit
1291 902 1374 945 unus

414 973 542 1052 arbiter,
563 974 668 1059 quiet
693 978 782 1039 Deus
796 988 828 1040 et
845 977 1006 1049 Dominus
1022 978 1164 1044 omnium
1188 992 1248 1056 est,
1265 993 1370 1045 tamen

414 1098 455 1140 ex
467 1074 734 1159 signisinterdum
747 1077 930 1144 hominibus
940 1078 1152 1145 innotescunt.
1199 1080 1284 1157 Quid
1294 1104 1372 1164 ergo

414 1178 544 1255 mirum,
560 1178 586 1243 si
602 1200 639 1242 ea
654 1179 852 1265 quandoque
871 1194 1083 1266 praenoscant,
1105 1204 1180 1266 quae
1194 1195 1227 1247 et
1246 1182 1371 1247 subtili-

416 1290 482 1343 tate
496 1290 620 1342 naturae
645 1277 764 1363 vigent,
778 1292 810 1344 et
830 1280 1026 1365 experientia
1043 1279 1195 1366 temporis
1217 1280 1369 1366 longiore,

414 1391 446 1444 et
477 1370 665 1445 revelatione
695 1380 894 1465 superiorum
925 1394 1119 1466 potestatum
1150 1382 1190 1447 de
1224 1382 1371 1467 plurimis

417 1480 648 1546 admonentur?
681 1482 715 1548 Si
732 1504 808 1567 ergo
830 1483 964 1567 spiritus
979 1483 1119 1569 corporis
1138 1485 1221 1548 mole
1234 1485 1371 1569 gravati,

416 1606 497 1670 quos
527 1583 652 1648 luteum
674 1584 778 1648 carnis
803 1584 946 1650 retardat
967 1584 1202 1666 indumentum,
1232 1608 1370 1672 quorum

417 1705 549 1749 acumen
573 1684 692 1751 turbati
715 1707 826 1750 sensus
847 1686 1009 1771 corruptio
1031 1687 1172 1766 hebetat,
1191 1709 1231 1752 ex
1252 1710 1368 1773 proeoe-

416 1787 568 1851 dentibus
581 1797 637 1851 aut
660 1807 926 1871 quarumcunque
941 1810 1046 1855 rerum
1066 1788 1201 1868 indiciis,
1217 1812 1292 1876 quae
1306 1789 1369 1854 sint

416 1901 551 1952 ventura
573 1888 757 1974 conjiciunt,
780 1888 859 1973 quid
889 1890 1038 1973 prohibet
1061 1892 1193 1977 spiritus
1222 1894 1263 1957 ab
1284 1890 1370 1955 omni

415 2011 500 2053 nexu
517 1991 657 2072 corporis
672 1988 845 2064 absolutos,
861 2012 943 2073 quos
955 1992 1050 2055 noxia
1064 1991 1162 2056 moles
1172 2015 1234 2056 non
1250 1992 1368 2068 tardat,

416 2109 521 2153 rerum
544 2087 788 2166 imminentium,
809 2104 865 2152 aut
888 2090 921 2151 in
944 2090 1082 2173 plurima
1098 2106 1242 2177 tempora
1263 2115 1370 2157 succe·

414 2190 558 2255 dentium
584 2186 757 2275 premetiri
782 2194 959 2253 eventum?
991 2189 1052 2254 Sed
1082 2190 1139 2276 qui
1169 2192 1235 2255 fere
1263 2191 1368 2275 pridie

414 2304 577 2367 natusest,
589 2302 661 2376 post
667 2289 735 2354 dies
743 2290 897 2375 pauculos
907 2290 1106 2372 decessurus,
1112 2292 1217 2357 medio
1223 2305 1367 2378 tempore

413 2416 454 2459 ex
469 2393 625 2457 similibus
646 2391 760 2455 similia
778 2392 910 2478 colligit,
929 2406 962 2459 et
983 2393 1024 2456 de
1040 2397 1144 2460 causis
1160 2394 1220 2460 sibi
1238 2395 1365 2459 interim

412 2494 497 2566 uotis
520 2492 727 2560 ratiocinatur
748 2494 781 2559 in
803 2505 976 2579 posterum.
1021 2499 1136 2561 Nonne
1158 2495 1218 2559 hoc
1239 2495 1364 2561 facilius

414 2609 519 2685 potest
539 2619 602 2660 non
625 2595 722 2660 modo
744 2594 906 2680 antiquus,
929 2595 984 2659 sed
1012 2595 1207 2690 inveteratus
1229 2595 1366 2678 dierum,

414 2698 469 2784 qui
483 2699 524 2764 ab
538 2697 631 2762 initio
650 2696 799 2762 conditus
818 2711 866 2763 est
888 2698 1000 2783 plenus
1021 2697 1174 2783 sapientia
1190 2710 1223 2763 et
1242 2698 1364 2785 perfee-

407 2803 499 2870 -tione
510 2801 663 2866 decorus?
679 2801 760 2872 Quis
768 2799 849 2863 adeo
858 2800 1365 2885 hebesestettarditatisegregiae,

326 2947 327 2951 =
403 2903 469 2991 .qui
486 2915 574 2968 tanto
590 2899 740 2985 temporis
751 2913 868 2977 tractu,
884 2923 943 2985 pro
956 2901 1047 2985 p'arte
1062 2901 1102 2964 ad
1115 2924 1153 2965 ea
1166 2899 1364 2986 conjicienda

410 3029 484 3093 quae
510 3004 621 3070 futura
644 3013 729 3077 sunt,
754 3023 815 3064 non
837 3004 1008 3087 assurgat?
1031 3005 1192 3067 Praeterea
1214 3001 1362 3086 propitia
1475 3078 1479 3084 Ι

412 3121 598 3193 potestates,
614 3126 686 3190 quae
702 3103 841 3168 caritatis
856 3106 946 3167 cultu
961 3115 994 3167 et
1009 3100 1178 3169 devotione
1192 3102 1362 3167 obediendi

412 3208 551 3274 Domino
573 3206 699 3271 assidue
721 3204 930 3280 famulantur,
947 3204 993 3267 eis
1015 3203 1146 3289 quidem
1161 3215 1308 3287 possunt,
1330 3213 1362 3266 et

411 3308 572 3374 interdum
603 3306 776 3370 creduntur
804 3306 930 3369 occulta
958 3304 1107 3369 revelare.
1156 3307 1225 3369 Nec
1256 3319 1359 3368 tamen

411 3416 515 3478 statim
536 3430 644 3472 verum
666 3420 725 3484 est,
748 3406 836 3490 quod
857 3406 985 3492 reprobi
1000 3406 1153 3483 sentiunt,
1169 3418 1226 3471 aut
1246 3405 1361 3492 praedi-

409 3526 498 3592 cunt,
513 3510 567 3576 sed
584 3509 777 3594 quandoque
791 3532 866 3593 quae
889 3511 1090 3593 suspicantur
1109 3521 1166 3572 aut
1182 3508 1307 3585 timent,
1324 3520 1361 3571 ut

409 3611 578 3676 videantur
607 3608 725 3672 conscii
756 3621 959 3684 secretorum,
993 3618 1167 3694 properant
1198 3608 1360 3672 nunciare.

411 3710 510 3788 Quale
525 3721 571 3774 est
586 3707 680 3793 quod
691 3708 829 3773 Domino
844 3708 1004 3773 nascituro
1026 3709 1059 3770 iu
1076 3706 1203 3793 templis
1222 3708 1359 3790 AEgypti

409 3810 631 3878 desolationem
663 3831 783 3886 eorum,
814 3822 845 3873 et
875 3808 1050 3874 discessum
1073 3828 1178 3887 suum,
1198 3806 1358 3871 daemones

409 3911 600 3997 templorum
624 3908 774 3993 praesides
789 3908 1016 3994 praedicebant.
1062 3907 1159 3972 Unde
1173 3905 1255 3971 illud
1269 3906 1358 3990 apud

411 4012 655 4097 Trismegistum
679 4012 719 4076 de
743 4011 930 4076 exterminio
960 4010 1119 4095 religionis
1150 4007 1355 4073 idololatria:

407 4121 560 4202 AEgypte,
569 4114 686 4200 inquit,
697 4116 780 4198 AEgy
786 4126 851 4198 pte,
862 4114 920 4177 erit
933 4136 1032 4199 quum
1040 4110 1199 4196 religionis
1211 4122 1276 4175 tuae
1283 4109 1358 4176 solae

407 4215 730 4307 supereruntfabulae.
747 4214 976 4300 Etsaepequod
986 4237 1026 4278 ex
1034 4210 1356 4288 necessitatefaciunt‚

408 4337 440 4389 et
455 4321 565 4400 coacti,
582 4343 613 4385 se
629 4331 741 4405 sponte
755 4317 858 4382 facere
882 4314 1045 4392 simulant,
1069 4314 1162 4399 quasi
1177 4313 1358 4379 hominibus
