3384 5234
328 727 399 773 ore.
418 709 455 789 1.]
678 726 933 773 eosrcnarrcos.
1145 759 1149 763 .
1245 715 1287 772 59

332 878 493 955 abortum,
509 890 567 942 aut
581 876 729 943 inutilem
744 875 856 942 factum
879 877 975 963 parit,
990 877 1066 964 quia
1081 890 1118 942 ut
1137 876 1288 958 multum,

332 1002 415 1065 saepe
432 1003 534 1067 quum

440 1088 593 1142 Parturiunt
604 1092 715 1153 montes,
727 1088 842 1160 procedit
854 1087 977 1141 ridiculus
989 1105 1057 1142 mus.

334 1185 416 1250 Haec
447 1196 522 1249 sunt
556 1182 674 1269 quibus
703 1195 800 1249 totam
832 1181 1030 1271 vigilantiam
1060 1206 1149 1249 suam
1181 1184 1291 1249 videas

332 1286 572 1354 accommodare
588 1308 682 1371 quam
698 1286 864 1373 plurimos.

405 1402 510 1454 Caetera
522 1401 555 1453 de
567 1417 664 1467 genere
676 1400 725 1452 boo
738 1400 804 1453 adeo
816 1406 877 1453 sunt
889 1398 980 1464 multa,
991 1399 1127 1468 loquacem

405 1486 446 1537 Ut
456 1484 555 1538 lassare
567 1489 665 1554 queant
676 1485 796 1538 Fabium.

334 1579 452 1666 quibus
468 1602 667 1666 quacunque
682 1579 797 1644 domus
811 1578 976 1658 institerit,
991 1600 1059 1642 eam
1080 1599 1137 1641 nec
1160 1576 1293 1662 absipsa

337 1680 441 1745 salute
456 1681 594 1745 arbitror
609 1703 700 1767 posse
715 1679 841 1745 salvari.

593 2041 737 2105 LIBER
760 2036 1018 2103 SECUNDUS.

715 2226 895 2271 Pnououus.

377 2320 495 2383 ΟΜΝΙΑ
510 2318 626 2383 cedunt
642 2317 674 2380 in
690 2340 785 2381 usum
807 2315 970 2401 sapientis,
985 2313 1174 2401 habentque
1194 2325 1294 2378 mate-

334 2417 411 2481 riam
438 2418 569 2482 virtutis
599 2415 798 2491 exercendae,
825 2436 1029 2500 quaecunque
1056 2415 1210 2479 dicuntur
1235 2426 1292 2480 aut

336 2518 427 2583 fiunt.
465 2524 547 2584 Nam
566 2531 595 2582 et
613 2518 679 2582 otia
694 2519 764 2603 ejus
778 2516 907 2601 negotia
922 2527 1011 2592 sunt,
1023 2528 1054 2580 et
1070 2517 1148 2580 dum
1163 2517 1293 2581 rationis

334 2618 500 2684 libramine
513 2642 620 2684 rerum
632 2619 777 2682 omniurn
791 2621 873 2682 vires
884 2628 1009 2701 pensat,
1019 2615 1155 2701 provida
1165 2616 1292 2701 dispen-

335 2720 454 2786 satione
478 2720 635 2807 quicquid
660 2720 701 2785 ad
728 2718 962 2785 beatitudinem
987 2716 1123 2803 proficit,
1152 2715 1290 2802 quadarn

336 2823 427 2905 quasi
444 2846 540 2886 manu
557 2823 689 2887 virtutis
711 2821 936 2908 apprehendit.
973 2823 1065 2884 Tunc
1080 2842 1157 2905 crgo
1173 2818 1291 2885 divinae

337 2921 500 3008 sapientiae
515 2935 581 2988 tuae
595 2937 784 3008 argumento
800 2921 993 2988 validissimo
1008 2920 1179 3007 dupliciter
1194 2920 1291 2986 fidem

336 3024 425 3102 facis,
440 3024 518 3087 dum
533 3037 565 3088 et
579 3026 612 3086 in
629 3023 694 3088 tuis
710 3024 833 3089 actibus
844 3035 949 3087 rectus
964 3021 1095 3100 incedis,
1108 3036 1140 3087 et
1151 3024 1291 3110 philoso-

336 3124 443 3211 pharis
457 3126 490 3189 in
506 3127 600 3210 nugis
615 3123 734 3188 alienis.
779 3124 907 3189 Alacres
928 3123 1039 3207 itaque
1059 3138 1172 3190 exeant
1196 3149 1291 3212 nugae

334 3241 460 3304 nostra,
478 3250 557 3315 quas
572 3227 723 3291 serenitas
738 3238 795 3291 tua
810 3224 938 3312 prodire
954 3223 1048 3311 jubet
1064 3225 1096 3289 in
1113 3227 1290 3313 publicum,

338 3344 374 3396 ut
400 3330 603 3417 conjectores,
627 3327 877 3405 mathematicos,
903 3349 976 3391 cum
1003 3327 1194 3411 quibusdam
1221 3330 1292 3397 aliis

339 3435 552 3519 nugatoribus
574 3431 798 3506 introducant3
829 3430 907 3517 quia
925 3429 1044 3516 quibus
1065 3431 1182 3497 dedisti
1204 3456 1293 3519 egre-

339 3534 448 3599 diendi
473 3532 649 3607 audaciam,
677 3531 856 3596 securitatis
882 3554 1011 3617 quoque
1036 3530 1186 3597 fiduciam
1210 3557 1291 3620 prae.

339 3638 448 3702 stabis.
494 3639 734 3703 connectantur
755 3658 832 3720 ergo
845 3632 995 3698 inferiora
1017 3633 1243 3718 superioribus,
1258 3651 1291 3703 et

340 3741 365 3803 si
381 3739 460 3826 quid
476 3740 509 3802 in
522 3736 685 3804 alterutris
699 3738 858 3812 vitiosum,
871 3749 925 3803 aut
938 3736 1080 3801 deforme
1093 3744 1289 3826 apparuerit,

338 3841 544 3926 benignitatis
560 3854 626 3905 tuae
640 3840 812 3928 prudentia
826 3837 1015 3925 corrigatur.

341 4015 420 4080 Cae.
440 4020 465 4077 1.
493 4016 611 4078 Omina
632 4033 718 4076 oona
738 4032 813 4085 erse,
835 4020 867 4075 ct
886 4032 937 4073 rer
956 4012 1080 4092 enfide
1098 4034 1159 4076 cua
1178 4015 1293 4095 coique

718 4115 915 4197 rupondcre.

384 4244 609 4306 Rusrrcanoor
631 4253 662 4305 et
684 4241 767 4305 forte
783 4241 891 4307 offelli
913 4239 1121 4326 proverbium
1135 4252 1201 4320 est3
1230 4241 1294 4319 Qui

342 4340 469 4406 somniis
494 4356 526 4408 et
549 4342 695 4428 auguriis
719 4343 833 4420 credit,
859 4365 1024 4427 nunquam
1045 4339 1113 4404 fore
1136 4354 1299 4408 securum.
