3384 5234
442 662 506 723 210
685 675 820 719 Joauu1s
836 675 1114 719 ssassunnmusrs
1242 655 1325 733 [nm.
1342 674 1393 718 111.

445 825 550 890 verbis
571 824 750 900 docuerint,
766 837 800 888 et
823 823 986 909 exemplis.
1004 888 1011 899 ,
1031 824 1128 888 Unde
1151 835 1183 888 et
1206 822 1394 909 Aristippus

443 950 464 990 a
487 925 693 989 maledicente
715 948 747 989 se
768 924 944 1001 discedens,
968 923 1085 987 dixisse
1105 922 1241 1007 legitur3
1280 924 1330 986 Ut
1356 934 1394 986 tu

441 1027 561 1112 linguae
576 1043 654 1108 tuae,
668 1026 711 1090 sic
726 1039 758 1090 et
773 1048 833 1110 ego
849 1047 988 1088 mearum
1005 1028 1129 1090 aurium
1146 1026 1295 1089 dominus
1310 1047 1392 1090 sum.

441 1129 608 1194 Antitanes
630 1150 760 1213 quoque
774 1127 901 1191 cuidam
920 1127 1049 1208 dicenti,
1065 1127 1235 1191 Maledixit
1251 1126 1310 1190 tibi
1325 1126 1391 1204 ille,

441 1228 514 1293 Non
530 1228 619 1306 mihi,
634 1230 750 1316 inquit,
765 1228 819 1293 sed
836 1228 894 1305 illi,
909 1229 965 1314 qui
982 1229 1014 1292 in
1030 1252 1074 1306 se,
1091 1228 1177 1314 quod
1201 1230 1255 1293 ille
1269 1230 1391 1315 culpat,

440 1332 591 1415 agnoscit.
637 1330 699 1394 Sed
716 1330 774 1394 etsi
799 1329 876 1392 mihi
899 1330 1085 1394 maledicere
1107 1343 1208 1407 curet,
1223 1353 1286 1393 non
1302 1353 1389 1404 curo,

364 1443 370 1452 ”
438 1431 771 1519 quiaaudituslingua
781 1430 877 1494 debet
888 1453 954 1494 esse
963 1430 1242 1515 robustior,quum
1256 1431 1389 1515 singulis

438 1534 622 1598 hominibus
636 1532 755 1618 linguae
770 1532 833 1596 sint
849 1531 994 1616 singulm,
1007 1532 1061 1596 sed
1077 1554 1173 1597 aures
1187 1533 1280 1597 binae.
1317 1533 1388 1595 Ali·
1499 1611 1503 1618 ἱ

439 1650 597 1722 quatenus
618 1649 721 1700 tamen
744 1658 831 1710 curo,
855 1634 930 1719 quia
952 1658 989 1698 eo
1015 1636 1085 1720 ipso
1107 1657 1157 1699 me
1179 1635 1300 1701 fatetur
1322 1658 1388 1698 esse

437 1739 642 1823 superiorem,
671 1737 823 1822 quoniam
855 1735 1027 1820 superioris
1062 1759 1205 1823 personae
1234 1759 1312 1800 usus
1340 1748 1388 1800 est

435 1838 685 1904 detractionibus
696 1838 1035 1924 subjacere‚inferioris
1045 1840 1170 1904 inferre.
1206 1838 1388 1903 Gauderem

437 1940 557 2027 itaque,
579 1942 639 2005 nisi
663 1953 798 2026 urgente
824 1940 1023 2005 humanitate
1044 1955 1239 2026 compaterer
1261 1940 1386 2004 infelici.

438 2043 521 2106 Item
545 2046 584 2106 T.
600 2043 714 2105 Tatius
735 2041 933 2107 maledicenti
957 2042 1018 2107 sibi
1042 2043 1186 2120 Metello,
1208 2042 1325 2120 Facile,
1341 2042 1388 2104 in-

436 2143 519 2228 quit,
542 2143 644 2208 estin
666 2164 717 2206 me
743 2144 857 2223 dicere,
877 2166 977 2229 quum
1002 2166 1059 2207 nec
1082 2145 1139 2207 sim
1167 2165 1386 2229 responsurus.

435 2243 522 2320 Quid
555 2248 757 2330 Xenophon?
794 2248 859 2319 Tu,
890 2245 995 2330 inquit
1028 2244 1166 2325 cuidam,
1199 2244 1386 2308 maledicere

433 2345 583 2421 didicisti,
609 2358 641 2410 et
667 2370 738 2431 ego,
763 2346 954 2411 conscientia
979 2357 1068 2421 teste,
1094 2346 1191 2411 didici
1216 2346 1387 2412 maledicta

434 2457 642 2511 contemnere.
683 2445 745 2509 Sed
771 2459 803 2510 et
827 2445 1000 2531 Diogenes,
1022 2469 1125 2531 quum
1150 2448 1180 2511 ei
1205 2447 1386 2513 nunciasset

432 2547 562 2625 amicus,
584 2552 632 2613 Te
653 2546 746 2611 amici
765 2545 873 2610 cuncti
896 2546 1091 2631 vituperant,
1108 2548 1255 2632 Oportet,
1270 2549 1386 2634 inquit,

431 2648 614 2734 sapientiam
631 2649 672 2712 ab
686 2646 909 2732 insipientibus
929 2647 1028 2723 feriri,
1044 2670 1110 2712 esse
1124 2649 1206 2712 enim
1222 2648 1385 2712 meliorem

430 2747 550 2812 indicat
564 2748 648 2812 mala
662 2747 771 2831 lingua
787 2769 883 2830 quem
900 2746 1012 2832 carpit.
1048 2748 1134 2824 Quid
1149 2748 1262 2812 Plato?
1285 2748 1385 2813 totius

430 2847 640 2935 philosophiae
660 2848 769 2925 robur,
782 2845 937 2933 patientia
952 2859 1009 2911 est.
1054 2852 1162 2921 Quum
1185 2860 1217 2913 et
1240 2852 1385 2915 Socrates

429 2970 492 3012 non
515 2940 610 3014 modo
633 2950 730 3013 verbo
751 2959 845 3033 neget
868 2948 1042 3033 sapientem
1064 2971 1156 3034 posse
1177 2950 1306 3027 offendi,
1328 2951 1385 3015 sed

430 3050 583 3114 adversus
594 3072 718 3113 omnem
730 3049 892 3113 fortunam
905 3051 1018 3113 robore
1034 3049 1163 3114 virtutis
1176 3074 1242 3115 suae
1258 3075 1383 3117 manere

428 3151 632 3218 immobilem.
677 3152 723 3215 Et
745 3174 785 3214 ne
807 3150 1010 3236 Philosophia
1032 3150 1105 3215 solis
1127 3152 1313 3237 patientiam
1340 3154 1383 3218 sic

337 3288 339 3291 ⁴
428 3252 586 3337 placuisse
599 3254 717 3333 credas,
731 3254 871 3337 ipsorum
890 3251 1122 3339 Imperatorum
1138 3255 1179 3319 ad
1194 3279 1263 3321 eam
1277 3257 1383 3342 publi·

385 3419 388 3423 ,
428 3356 561 3419 eandam
576 3358 722 3439 exempla
736 3369 937 3418 concurrunt.
983 3358 1023 3418 In
1041 3356 1168 3419 Graecia
1182 3359 1255 3443 quis
1269 3359 1382 3444 major,

428 3467 486 3518 aut
511 3456 625 3519 clarior
651 3453 864 3519 Alexandro?
898 3455 940 3517 Ei
971 3456 1155 3540 Antigonus
1184 3460 1384 3545 paedagogus

428 3554 582 3619 citharam
606 3555 714 3640 fregit,
739 3555 920 3640 abjecitque
942 3555 1069 3619 dicens:
1105 3556 1211 3622 AEtati
1233 3572 1297 3624 tuae
1314 3561 1383 3644 jam

428 3673 560 3735 regnare
589 3653 747 3731 convenit,
774 3651 960 3737 pudeatque
990 3654 1022 3715 in
1053 3677 1184 3739 corpore
1209 3660 1299 3738 regni
1328 3679 1382 3719 vo-

427 3753 585 3838 luptatem
615 3753 753 3815 luxuriae
779 3753 946 3815 dominari.
992 3754 1088 3826 Quod
1117 3767 1149 3818 et
1180 3754 1233 3817 ille
1258 3755 1380 3841 patien-

427 3851 546 3918 tissime
561 3851 648 3931 tulit,
661 3852 734 3915 licet
749 3851 935 3936 plerumque
956 3850 1248 3936 impatientissimus
1270 3856 1380 3938 fuerit,

425 3969 457 4021 et
472 3969 593 4041 patrem
618 3954 700 4018 sicut
722 3953 854 4027 virtute,
868 3951 915 4016 ita
937 3952 1023 4016 vitiis
1045 3969 1217 4041 superaret.
1261 3958 1378 4023 Eidem

426 4078 555 4143 quoque
564 4055 724 4139 eleganter
733 4067 764 4118 et
776 4076 847 4116 vere
860 4053 1104 4138 comprehensus
1116 4056 1221 4141 pirata
1229 4058 1379 4123 scribitur

426 4158 631 4244 respondisse.
660 4160 766 4234 Quum
782 4156 864 4220 enim
876 4156 1288 4245 Alexanderinterrogaret‚
1300 4161 1379 4246 quid

424 4262 453 4326 ei
469 4261 629 4326 videretur
650 4259 736 4346 quod
760 4282 844 4323 mare
868 4258 997 4323 haberet
1020 4258 1185 4338 infestum,
1201 4262 1255 4325 ille
1276 4262 1378 4327 libera
1460 4293 1464 4299 ·
