3384 5234
370 686 433 746 308
632 701 769 747 massis
785 700 1060 746 sanusncnrnrsrs
1194 684 1281 763 [m.
1298 709 1332 753 r.

365 849 507 937 jndicem
529 852 652 937 populi,
672 853 716 917 sic
736 865 768 915 et
789 853 926 917 ministri
946 854 1027 939 ejus,
1041 866 1074 917 et
1094 853 1200 938 qualis
1222 869 1331 921 rector

370 964 418 1016 est
432 952 583 1029 civitatis,
599 952 680 1017 tales
694 967 725 1017 et
741 953 958 1019 inhabitantes
973 955 1004 1018 in
1020 978 1068 1019 ea.
1112 956 1178 1021 Sed
1192 971 1227 1020 et
1244 959 1331 1023 vires

368 1057 558 1119 necessarias
583 1079 661 1132 esse,
687 1080 750 1121 non
778 1057 888 1133 tacuit,
910 1056 1038 1121 dicens:
1077 1057 1153 1122 Noli
1179 1082 1330 1144 querere

365 1154 468 1242 judex
484 1155 564 1237 lieri,
579 1158 637 1221 nisi
659 1158 765 1224 valeas
785 1159 906 1222 virtute
926 1162 1104 1245 irrumpere
1122 1160 1328 1245 iniquitates,

369 1281 410 1323 ne
419 1258 501 1323 forte
510 1259 699 1326 extimescas
709 1260 818 1323 faciem
830 1262 1021 1344 potentis,et
1030 1283 1130 1346 ponas
1138 1262 1328 1329 scandalum

368 1360 401 1424 in
417 1360 559 1444 agilitate
574 1376 640 1427 tua.
681 1366 755 1427 Non
771 1384 884 1447 pecces
899 1363 931 1425 in
948 1361 1157 1428 multitudine
1171 1364 1326 1443 civitatis,

370 1486 426 1528 nec
448 1477 480 1528 te
502 1463 655 1529 immittas
676 1463 707 1528 in
731 1467 900 1551 populum,
924 1486 1027 1551 neque
1049 1463 1160 1549 alliges
1180 1465 1326 1552 duplicia

367 1577 509 1652 peccata,
522 1588 579 1630 nec
593 1567 677 1630 enim
693 1566 725 1630 in
738 1589 802 1631 uno
817 1565 879 1630 eris
894 1566 1054 1632 immunis.
1099 1566 1174 1630 Noli
1185 1590 1255 1632 esse
1266 1592 1327 1655 pu-

367 1666 530 1733 sillanimis
541 1668 572 1732 in
588 1667 692 1734 anima
706 1682 775 1745 tua,
785 1690 918 1733 exorare
927 1681 959 1733 et
974 1668 1077 1733 facere
1086 1668 1322 1756 eleemosynam

367 1790 429 1834 non
456 1769 619 1857 despicias.
666 1771 716 1835 Ne
741 1771 830 1835 dicas
856 1770 888 1834 in
917 1769 1124 1835 multitudine
1149 1794 1322 1838 munerum

368 1893 510 1936 meorum
527 1874 675 1959 respiciet
692 1877 790 1950 Deus,
803 1886 834 1938 et
851 1872 1002 1936 offerente
1016 1894 1067 1935 me
1083 1876 1154 1937 Deo
1168 1872 1326 1939 altissimo

368 1995 502 2038 munera
527 1998 598 2039 mea
624 1977 786 2062 suscipiet.
837 1977 913 2040 Non
946 1974 1078 2039 irrideas
1102 1975 1263 2040 bominem
1289 1979 1324 2043 in

367 2074 581 2139 amaritudine
601 2079 726 2157 animae,
741 2091 788 2142 est
806 2077 889 2141 enim
913 2076 968 2163 qui
987 2074 1135 2142 humiliat
1149 2089 1181 2141 et
1202 2078 1325 2146 exaltat

365 2174 612 2259 circumspector
643 2180 740 2244 Deus.
786 2182 839 2242 Ex
872 2178 922 2241 bis
951 2178 1097 2260 diligenti
1128 2177 1239 2243 lectori
1269 2205 1325 2247 oc-

365 2287 483 2354 curret,
495 2276 581 2361 quod
592 2277 740 2345 voluntas
755 2279 830 2343 boni
842 2301 906 2343 non
918 2279 1023 2344 minus
1033 2279 1136 2366 judici
1147 2286 1325 2349 necessaria

365 2388 424 2454 est,
449 2400 544 2463 qnam
569 2380 694 2459 notitia,
717 2382 767 2445 vel
782 2394 935 2468 potestas,
959 2405 1058 2467 quum
1074 2402 1138 2445 non
1165 2382 1263 2447 modo
1281 2386 1324 2451 de

367 2476 443 2556 ruis,
456 2477 510 2542 sed
527 2502 566 2544 ex
578 2481 688 2546 alienis
700 2482 824 2547 delictis
839 2495 997 2562 teneatur,
1009 2494 1042 2546 et
1053 2481 1174 2568 duplici
1189 2497 1325 2549 suctum

365 2581 545 2646 stallorum
561 2598 726 2670 prematur
740 2608 846 2661 onere,
862 2597 900 2649 ut
916 2585 1015 2648 necin
1032 2583 1239 2649 multitudine
1254 2609 1326 2653 mu.

365 2702 478 2747 nerum
498 2684 577 2749 citra
595 2685 783 2750 munditiam
807 2685 983 2749 voluntatis
1004 2684 1044 2749 sit
1067 2683 1096 2748 ei
1116 2682 1234 2748 fiducia
1247 2699 1324 2752 ante

365 2785 482 2848 Deum.
529 2784 625 2848 Unde
645 2796 677 2849 et
698 2784 792 2850 Plato
807 2786 935 2871 egregie
950 2785 1079 2870 quidem
1095 2798 1127 2849 et
1143 2784 1321 2854 luculenter

367 2884 408 2966 (si
428 2896 533 2949 tamen
556 2885 718 2969 audiatur)
740 2910 804 2963 eos,
824 2888 881 2973 qui
904 2887 945 2951 de
970 2887 1156 2972 reipublicae
1179 2890 1323 2974 gerendo

365 2987 553 3072 magistratu
568 2989 776 3065 contendunt,
792 2994 838 3055 ita
853 2988 937 3054 inter
953 3013 985 3053 se
1007 2989 1126 3053 versari
1142 2990 1266 3068 asserit,
1283 3006 1322 3058 ut

364 3091 391 3153 si
403 3103 510 3155 nanta
522 3092 582 3155 sub
594 3090 729 3155 adversa
741 3103 930 3178 tempestate
942 3091 1115 3166 decertent,
1125 3094 1198 3178 quis
1209 3115 1321 3158 eorum

364 3190 562 3275 potissimum
584 3191 698 3256 debeat
718 3192 908 3276 gubernare.
956 3192 996 3254 In
1022 3215 1088 3277 quo
1102 3191 1241 3257 fortunas
1257 3193 1322 3257 cal-

364 3291 447 3369 culo,
468 3305 525 3358 aut
546 3293 665 3376 nullus,
685 3309 740 3360 aut
762 3317 865 3373 rarus,
879 3293 1029 3380 idemque
1053 3294 1237 3359 temerarius
1258 3309 1321 3373 est,

365 3394 421 3481 qui
437 3396 503 3461 aine
518 3410 586 3462 arte
601 3409 630 3461 et
649 3396 768 3462 viribus
784 3396 930 3462 vendicet
947 3396 1178 3481 magistratum.
1224 3397 1270 3461 Et
1286 3398 1320 3463 in

364 3498 545 3583 ecquidem
569 3510 710 3584 tempore
731 3497 810 3563 nihil
832 3497 1042 3563 miserabilius
1060 3498 1138 3578 vidi,
1153 3521 1250 3583 qnam
1261 3500 1320 3582 ju·

363 3594 449 3660 dices
471 3601 609 3667 scientias
632 3601 710 3686 legis
732 3602 869 3688 ignaros,
889 3601 981 3665 bonae
1001 3600 1174 3667 voluntatis
1196 3600 1319 3682 inanes,

363 3715 442 3778 quos
458 3700 617 3765 convincit
631 3724 719 3766 amor
735 3723 902 3766 muncrum
919 3714 950 3765 et
965 3702 1225 3776 retributionum,
1240 3716 1274 3766 et
1284 3704 1320 3768 id

363 3795 478 3857 virium
495 3797 580 3880 quod
603 3798 720 3861 habent
740 3799 771 3860 in
794 3799 948 3881 obsequio
963 3800 1116 3873 avaritiae,
1136 3799 1319 3883 jactantiae,

362 3907 416 3959 aut
440 3894 541 3957 carnis
566 3908 597 3959 et
625 3894 787 3980 sanguinis
812 3909 1005 3971 exercentes,
1028 3911 1060 3961 et
1086 3920 1105 3961 a
1131 3900 1319 3969 necessitate

362 3995 547 4061 sacramenti
568 3995 702 4081 legitimi
722 3994 895 4060 absolutos.
941 3996 994 4060 Ex
1015 4020 1079 4083 quo
1100 3997 1230 4084 planum
1253 4018 1316 4083 est,

363 4097 1315 4188 principesquieisordinariamjurisdictionemcontulerunt,

356 4201 438 4286 juris
460 4225 526 4268 esse
551 4204 678 4290 ignaros
704 4205 754 4268 vel
779 4215 1021 4289 contemptores.
1067 4203 1129 4268 Sed
1156 4204 1314 4291 quicquid

361 4314 401 4380 de
423 4307 536 4395 peritia
553 4309 637 4393 juris
659 4308 811 4385 dicamus,
834 4319 890 4370 aut
912 4306 952 4370 de
975 4306 1097 4371 viribus
1119 4308 1320 4393 exequendi·
