3384 5234
367 709 437 753 cae.
453 688 573 772 xxvn]
763 706 1018 751 nonroanrrcus.
1259 697 1316 755 141

367 880 428 922 non
441 868 560 942 parcet,
576 868 608 920 et
619 856 820 941 poenitudine
832 879 894 919 non
905 856 1061 921 flectetur.
1107 858 1220 943 Neque
1236 858 1318 922 enirn

365 960 460 1022 homo
475 970 535 1034 est,
552 969 589 1021 ut
604 969 678 1042 agat
694 957 926 1041 poenitentiam.
971 958 1019 1021 At
1034 956 1088 1020 ille
1099 960 1156 1033 ait,
1175 957 1316 1023 Peccavi.

366 1058 428 1124 Sed
446 1082 529 1124 nunc
543 1059 665 1121 honora
679 1080 729 1121 me
751 1078 855 1120 coram
873 1056 1049 1121 senioribus
1071 1056 1182 1142 populi
1197 1056 1270 1132 mei,
1285 1070 1317 1120 et

366 1182 470 1223 coram
497 1160 607 1238 Israel,
629 1173 661 1224 et
684 1172 840 1222 revertere
863 1179 999 1236 meeum,
1016 1171 1050 1221 ut
1067 1158 1192 1221 adorem
1211 1159 1321 1223 Domi-

367 1286 445 1326 num
462 1265 567 1325 Deum
585 1274 688 1324 tuum.
720 1260 804 1321 Ecce
819 1270 939 1341 quanta
961 1258 1105 1322 elationis
1118 1260 1249 1323 insania.
1281 1260 1321 1322 Se

366 1362 526 1447 dejectum
549 1364 639 1425 audit
655 1386 674 1426 a
690 1359 840 1436 Domino,
865 1371 897 1423 et
921 1371 1024 1423 tamen
1055 1362 1146 1443 quasi
1168 1384 1206 1423 eo
1221 1360 1322 1425 invito

368 1487 502 1547 regnare
530 1462 701 1525 contendit.
747 1463 896 1543 Regnum
924 1459 1044 1525 meliori
1073 1462 1227 1525 traditum
1254 1486 1320 1525 esse

368 1587 432 1627 non
442 1564 588 1646 ambigit,
598 1574 628 1625 et
636 1562 780 1647 privatus
792 1584 849 1647 per
861 1561 1045 1626 sententiam
1058 1562 1319 1627 irretractabilem

369 1665 459 1749 regni
475 1664 608 1749 gloriam
631 1663 852 1727 fraudulenter
869 1676 1014 1747 usurpat.
1059 1666 1189 1729 Corruit
1212 1665 1319 1750 itaque

370 1768 448 1831 dum
463 1768 496 1829 in
519 1766 652 1829 vetitum
677 1765 806 1828 molitur
826 1765 1007 1841 ascendere,
1022 1778 1054 1828 et
1077 1766 1115 1829 fit
1140 1767 1242 1850 seipso
1265 1767 1319 1831 de-

369 1868 478 1946 terior,
489 1867 567 1930 dum
581 1866 714 1942 meliori,
725 1866 915 1929 reclamante
923 1866 1073 1941 Domino,
1086 1867 1156 1931 vult
1166 1868 1319 1953 praeferri.

371 1971 507 2034 Fatetur
521 1967 669 2053 equidem
693 1967 832 2051 eulpam,
851 1966 905 2031 sed
921 1990 1047 2052 poenam
1071 1981 1197 2052 portare
1212 1969 1322 2053 dedig-

368 2084 486 2144 natur;
510 2070 570 2133 hoc
591 2082 639 2134 est
666 2068 750 2133 euim
778 2068 867 2154 quod
893 2068 948 2144 ait,
981 2070 1135 2134 Peccavit
1158 2070 1213 2135 sed
1235 2094 1320 2135 nuuc

366 2173 486 2236 honora
496 2195 556 2237 me.
582 2176 626 2237 Ac
638 2171 773 2235 sidicat:
790 2173 898 2243 Quum
909 2171 1048 2235 criminis
1059 2172 1165 2257 culpa,
1177 2172 1320 2237 elationis

368 2276 464 2351 fastu,
481 2275 608 2359 tyranni
622 2272 766 2359 nequitia
774 2273 862 2357 juste
878 2270 1019 2358 dejectus
1030 2278 1188 2339 contemni
1200 2297 1322 2338 merue-

368 2379 439 2454 rim,
451 2398 501 2437 me
511 2375 665 2461 patientia
675 2386 731 2438 tua
741 2374 772 2436 in
784 2386 954 2457 conspectu
965 2396 1074 2439 eorum
1085 2375 1140 2459 qui
1151 2396 1213 2438 non
1225 2396 1321 2439 nove·

369 2492 444 2541 runt
465 2476 630 2540 eonsilium
650 2474 791 2549 Domini,
810 2474 907 2539 faciat
925 2474 1112 2559 gloriosum.
1149 2480 1321 2541 Revertere

370 2600 446 2663 ergo
461 2599 595 2650 mecum,
614 2588 650 2641 ut
666 2588 723 2639 tuo
738 2574 880 2638 incedam
904 2574 1085 2658 fastigiatus
1101 2575 1268 2661 obsequio,
1288 2588 1320 2640 et

373 2690 462 2743 tanto
477 2680 614 2762 stipatus
629 2676 795 2754 comitatu,
812 2688 901 2740 tanta
916 2676 1103 2739 venerabilis
1122 2678 1324 2759 auctoritate,

371 2779 498 2842 adorem
515 2778 689 2844 Dominum
709 2781 812 2843 Deum
830 2792 935 2850 tuum,
951 2778 1102 2862 quoniam
1119 2799 1222 2843 meum
1237 2777 1322 2842 ultra

372 2879 477 2942 dicere
493 2902 555 2966 non
564 2879 675 2959 audeo,
688 2879 744 2965 qui
759 2880 800 2943 ab
813 2903 849 2943 eo
859 2902 916 2964 per
925 2880 1170 2944 inobedientiam
1183 2880 1323 2960 discessi,

371 2992 403 3043 et
424 2980 528 3043 adbuc
550 3002 607 3064 per
630 2981 861 3045 contumaciam
888 2980 1009 3044 recedo.
1056 2980 1150 3044 Adeo
1163 2981 1322 3066 'siquidem

373 3082 567 3146 intumuerat
581 3082 712 3167 spiritus
723 3083 802 3168 ejus,
817 3094 852 3145 ut
864 3106 895 3145 se
907 3104 969 3144 non
981 3082 1076 3146 modo
1086 3083 1216 3162 homini,
1226 3083 1279 3147 sed
1290 3098 1322 3149 et

373 3184 432 3270 ipsi
442 3183 901 3269 Deoseipsumquodammodo
910 3184 1048 3269 propriae
1058 3185 1233 3269 impietatis
1242 3208 1322 3251 ausu

373 3286 550 3372 praeferret.
595 3290 697 3360 Quem
714 3287 796 3349 enim
815 3286 972 3350 Dominus
990 3287 1185 3373 praetulerat,
1202 3301 1324 3372 quanto

372 3389 485 3473 majori
501 3387 604 3471 gratia
619 3387 748 3451 videbat
764 3388 949 3473 praeditum,
971 3402 1060 3453 tanto
1075 3388 1187 3453 acriori
1203 3390 1323 3454 invidia

328 3479 330 3484 ’
373 3490 403 3550 ei
420 3489 562 3551 occultas
586 3488 733 3552 tendebat
757 3488 897 3565 insidias,
921 3502 985 3553 tam
1009 3491 1201 3565 manifestas,
1225 3501 1322 3576 q'uam

373 3586 500 3673 iniquas
515 3611 663 3651 exercens
681 3589 881 3653 inimicitias:
906 3603 938 3655 et
953 3612 1018 3675 quo
1039 3590 1235 3657 manifestius
1249 3614 1322 3656 eum

374 3688 534 3753 Dominus
556 3689 740 3766 extollebat,
756 3714 793 3753 eo
816 3690 952 3767 avidius,
975 3714 1037 3754 non
1054 3704 1118 3755 tam
1135 3691 1322 3776 deprimere,

373 3813 469 3874 quam
486 3791 673 3874 extinguere
688 3791 879 3875 properabat
888 3791 1014 3877 ipsique
1030 3790 1102 3855 Deo
1117 3816 1149 3855 se
1164 3816 1181 3855 e
1196 3795 1324 3877 regione

372 3894 462 3975 ponit
477 3890 671 3976 oppositum,
686 3889 763 3951 dum
779 3890 808 3952 ei
824 3890 982 3976 surripere
1002 3904 1058 3955 aut
1073 3891 1194 3977 eripere
1210 3892 1323 3957 nititur

367 3994 443 4076 jura
464 4013 646 4076 regnorum.
693 3991 835 4075 Dignum
859 4014 936 4075 ergo
958 3992 1022 4055 fuit
1046 4005 1159 4056 utnon
1183 4005 1323 4056 maneret

374 4097 407 4156 in
423 4116 460 4155 eo
483 4092 613 4178 spiritus
629 4091 770 4164 Domini,
787 4091 844 4176 qui
864 4113 918 4154 cor
933 4115 1025 4155 suum
1041 4114 1103 4155 non
1123 4093 1218 4156 modo
1233 4094 1322 4185 habi-v

377 4192 530 4272 taculum,
545 4191 597 4255 sed
615 4203 646 4255 et
663 4204 759 4255 tantae
771 4189 923 4276 nequitiae
939 4192 1054 4254 fecerat
1071 4191 1323 4257 fundamentum.

375 4292 563 4374 Exagitavit
579 4314 650 4355 eum
666 4292 775 4376 itaque
791 4292 924 4375 spiritus
942 4312 1078 4373 nequam
1095 4312 1113 4351 a
1129 4292 1278 4367 Domino,
1293 4304 1325 4354 et
