3384 5234
338 706 473 787 canu]
708 722 962 769 ronrcnarrcns.
1228 708 1286 767 lu

336 876 465 941 lendum
477 874 627 940 vanitatis
643 874 791 960 spiritum
807 873 960 960 proferat,
976 872 1002 937 si
1018 885 1055 938 tu
1070 876 1196 938 aurium
1207 873 1290 953 vela,

336 992 368 1043 et
383 978 585 1043 latitudinem
602 975 707 1041 cordis
729 976 771 1039 ad
793 989 950 1040 tumorem
969 974 1212 1062 concipiendum
1234 998 1292 1063 op-

336 1079 466 1167 pandas.
511 1080 557 1143 Et
578 1076 656 1163 quia
670 1076 822 1141 videntur
841 1075 884 1139 ab
905 1076 1064 1153 omnibus,
1078 1076 1205 1141 facilins
1223 1076 1293 1141 haec

338 1206 357 1246 a
371 1181 533 1269 plerisque
542 1179 695 1243 vanitatis
709 1178 864 1264 obsequia
877 1191 1138 1244 contemnuntur.
1169 1180 1294 1244 Verun-

338 1298 444 1349 tamen
459 1282 514 1347 illa
529 1282 632 1367 magis
646 1278 800 1356 timenda,
814 1279 891 1365 quia
905 1280 1006 1365 magis
1020 1280 1195 1365 perniciosa
1209 1292 1297 1362 sunt,

340 1409 414 1471 quae
431 1384 572 1471 quodam
591 1382 725 1447 cautelae
741 1382 920 1446 velamento
940 1381 1116 1447 studiosius
1137 1382 1297 1447 occultan-

341 1502 406 1564 tur,
417 1501 449 1552 et
459 1487 550 1573 quasi
561 1485 622 1551 sub
633 1484 771 1569 imagine
781 1483 1007 1570 increpationis
1018 1498 1075 1549 aut
1083 1484 1297 1566 correctionis,

342 1588 512 1654 alteriusve
534 1588 642 1664 officii,
663 1600 721 1651 aut
737 1585 1058 1672 virtutis'irrepunt.
1104 1586 1198 1665 Quod
1219 1608 1299 1651 uon-

341 1690 458 1771 uullos‚
486 1690 565 1753 dum
594 1688 848 1762 benevolentiam
884 1687 1126 1753 immoderatius
1154 1701 1297 1776 captant,

340 1794 452 1858 fecisse
466 1792 613 1878 reperies.
650 1790 710 1856 Ait
725 1792 810 1854 euim
826 1790 960 1870 Laelius,
970 1812 1034 1853 non
1050 1789 1104 1854 ille
1120 1788 1204 1854 lator
1218 1789 1298 1874 legis

341 1890 500 1967 amicitiae,
517 1890 573 1954 sed
595 1913 703 1955 suasor
725 1889 801 1954 belli
823 1891 936 1970 civilis,
950 1904 983 1955 et
1003 1890 1123 1956 furoris
1143 1888 1298 1971 incentor,

342 1992 400 2078 qui
415 2004 448 2057 et
462 1992 504 2056 ab
518 1990 589 2056 aliis
604 1989 767 2056 Lentulus
780 1989 974 2077 appellatur,

447 2132 525 2196 Quod
537 2137 592 2185 tam
603 2132 677 2185 lenta
688 2137 748 2184 tuas
759 2132 846 2184 tenuit
856 2133 983 2204 patientia
993 2133 1071 2198 vires,

447 2218 646 2288 Conquerimur,
658 2217 750 2270 deerat
761 2234 795 2269 ne
807 2217 856 2270 tibi
866 2217 963 2271 fiducia
973 2219 1073 2271 nostri?

447 2304 519 2357 Dum
530 2309 618 2357 movet
629 2304 687 2357 haec
698 2302 798 2356 calidus
808 2305 935 2375 spirantia
946 2322 1051 2375 corpora
1063 2304 1180 2373 sangnis,

448 2391 485 2443 Et
496 2390 558 2443 dum
568 2389 622 2462 pila
632 2388 721 2444 valent
731 2388 811 2442 fortes
822 2396 942 2460 torquere
952 2390 1053 2456 lacerti,

448 2477 618 2550 Degenerem
628 2479 728 2550 patiere
740 2482 839 2545 togam,
851 2494 1012 2547 regnumque
1021 2480 1146 2531 senatus?

448 2564 540 2632 Usque
551 2564 620 2616 adeo
631 2564 756 2615 miserum
767 2567 808 2615 est
819 2561 889 2615 civili
900 2563 1003 2615 vincere
1013 2561 1101 2614 bello?

347 2700 399 2764 Sic
420 2713 453 2766 et
475 2700 507 2764 in
529 2699 704 2765 Comoediis
725 2721 888 2764 servorum
907 2697 1081 2763 calliditate
1102 2696 1223 2762 domiui
1244 2697 1299 2763 de-

344 2802 515 2881 luduntur,
530 2803 701 2890 praemissis
722 2801 994 2887 increpationibus
1011 2799 1150 2867 rationes
1164 2823 1237 2865 suas
1250 2801 1298 2865 in-

345 2904 465 2968 firmari
487 2908 690 2991 permittunt,
705 2916 738 2970 et
761 2904 890 2970 tandem
911 2928 943 2969 se
963 2904 1061 2969 victos
1083 2903 1245 2979 simulant,
1261 2916 1298 2969 ut

345 3019 377 3069 et
393 3006 595 3073 credulorum
611 3030 736 3073 sensum
758 3007 945 3071 confirment
959 3028 1109 3083 errorem,
1124 3018 1157 3070 et
1171 3005 1212 3069 de
1226 3027 1300 3091 pro-

345 3108 475 3174 ditionis
490 3110 624 3197 perfidia
638 3108 776 3196 gratiam
795 3123 1008 3195 aucupentur,
1024 3130 1139 3193 magna
1154 3121 1299 3193 satagen-

345 3225 393 3277 tes
415 3213 586 3293 industria,
609 3227 645 3280 ut
669 3215 714 3279 sic
736 3236 860 3299 semper
882 3213 1052 3298 decipiant,
1074 3225 1111 3277 ut
1132 3235 1299 3299 nunquam

345 3314 467 3400 possint
504 3317 596 3403 argui
633 3316 811 3396 falsitatis„
849 3318 974 3381 Eorum
1009 3338 1150 3401 namque
1181 3314 1300 3381 veritas

348 3415 512 3481 mendacio
549 3419 657 3485 servit.
713 3418 799 3497 Quid
830 3419 918 3505 quod
950 3441 1091 3503 aucupes
1120 3416 1298 3483 novitatum

347 3516 550 3581 rumusculos
563 3531 750 3605 congerunt,
761 3519 944 3606 eisdemque
958 3520 1154 3584 curiosorum
1168 3518 1301 3584 auribus

349 3617 558 3701 satisfaciunt,
581 3633 617 3685 ut
643 3621 703 3686 hac
724 3621 776 3686 via
795 3621 1050 3708 compendiosius
1074 3621 1116 3686 ad
1140 3620 1185 3698 id,
1212 3620 1301 3707 quod

348 3720 558 3798 desideratur,
574 3723 751 3790 accedant?
789 3724 960 3810 Temporis
977 3747 1105 3811 quoque
1125 3724 1304 3810 diligentis·

348 3822 418 3887 simi
434 3825 652 3890 observatores
667 3838 752 3902 sunt,
765 3848 804 3889 ne
815 3825 897 3912 quid
907 3827 1131 3911 intempestive
1144 3825 1301 3909 ingerant,
1313 3836 1324 3860 ⁴

349 3925 403 3988 sed
419 3924 502 3989 inter
517 3927 751 4012 prandendum,
767 3939 823 3992 aut
842 3950 915 3992 cum
930 3928 1005 3991 vino
1019 3928 1092 4013 quis
1105 3926 1302 3991 exhilaratus

349 4026 458 4108 fuerit,
484 4040 540 4093 aut
564 4030 785 4115 cujuscunque
808 4052 937 4115 compos
959 4029 1142 4115 voluptatis.
1191 4030 1303 4114 Hujus

350 4131 483 4193 cautelae
495 4132 637 4195 meminit
652 4132 759 4209 Marc,
772 4154 873 4218 quum
886 4132 927 4196 ad
940 4133 1075 4195 AEneam
1089 4130 1301 4195 revocandum

352 4251 487 4294 sororem
500 4254 520 4297 a
531 4231 660 4297 Didone
675 4233 801 4297 missam
817 4233 938 4307 asserit,
949 4256 1024 4318 quae
1040 4232 1107 4297 sola
1118 4230 1178 4294 viri
1194 4228 1303 4293 molles

352 4328 460 4394 aditus
485 4345 516 4396 et
544 4344 687 4420 tempora
713 4347 814 4399 norat.
860 4333 940 4410 Quis
965 4348 1072 4398 autem
1096 4353 1159 4394 non
1188 4328 1303 4407 rideat,
