3384 5234
321 719 392 764 oar.
410 703 470 783 vn]
674 720 928 767 ronvcnxrlcus.
1212 709 1275 768 279

322 882 415 934 terrae
436 872 528 956 cujus
550 892 607 934 rex
629 891 710 955 puer
731 883 791 949 est,
813 886 845 936 et
869 873 964 958 cujus
988 869 1156 935 consiliarii
1181 893 1273 936 mane

320 970 502 1035 comedunt.
539 971 641 1035 Beata
652 982 738 1036 terra
752 973 845 1057 cujus
860 993 915 1035 rex
933 969 1047 1035 nobilis
1061 982 1119 1048 est,
1131 982 1163 1035 et
1178 971 1274 1058 cujus

321 1072 480 1158 principes
496 1084 669 1137 vescuntur
690 1085 832 1157 ternpore
847 1096 917 1154 suo,
932 1072 974 1137 ad
994 1072 1196 1137 refectionem
1211 1095 1274 1137 non

322 1172 364 1237 ad
389 1173 562 1238 luxuriam.
614 1174 666 1238 Ibi
692 1177 777 1239 enim
800 1173 955 1260 sapientia
979 1197 1046 1238 esse
1070 1196 1134 1238 non
1159 1186 1274 1260 potest.

324 1274 410 1339 Hinc
430 1287 559 1340 sanctus
581 1277 666 1339 Job:
705 1277 870 1362 Sapientia
889 1276 945 1341 nbi
965 1276 1139 1353 invenitur,
1154 1287 1186 1339 et
1201 1275 1275 1360 quis

323 1388 371 1440 est
393 1376 481 1441 locus
501 1378 747 1462 intelligentiae?
785 1377 894 1443 Nescit
918 1378 1013 1441 homo
1034 1378 1172 1463 pretium
1195 1377 1277 1463 ejus,

325 1501 381 1542 nec
411 1481 572 1545 invenitur
601 1481 634 1544 in
669 1494 754 1547 terra
784 1483 926 1546 suaviter
958 1480 1142 1546 viventium.
1202 1484 1277 1544 Nou

325 1581 506 1667 aequabitur
527 1582 555 1646 ei
577 1582 751 1649 labentium
771 1583 955 1670 quicquam,
970 1582 1211 1647 trahiturenim
1230 1603 1277 1645 sa·

325 1681 446 1768 pientia
460 1682 500 1747 de
515 1682 658 1749 occultis.
704 1685 817 1768 Longe
832 1683 943 1749 utilius
952 1686 1087 1772 juvenes
1101 1683 1279 1770 repulisset,

325 1784 528 1869 acquiescens
543 1785 673 1849 consilio
684 1784 853 1862 seniorum,
866 1787 963 1850 vitam
980 1785 1065 1850 beati
1077 1787 1100 1848 J
1102 1785 1144 1850 ob
1157 1785 1279 1849 habens

326 1887 482 1971 regnandi
503 1887 648 1951 formam.
693 1887 784 1951 Audi
808 1909 885 1972 ergo
907 1886 986 1973 quid
1009 1887 1050 1951 de
1073 1909 1106 1951 se
1128 1887 1279 1951 fateatur.

329 1988 465 2062 Quando
486 1988 633 2053 lavabam
655 1988 752 2074 pedes
775 2010 863 2053 meos
885 1989 1015 2076 butyro,
1037 2001 1069 2053 et
1091 2000 1182 2073 petra
1206 1988 1280 2051 fun-

326 2089 423 2155 debat
439 2090 518 2156 mihi
540 2090 625 2155 rivos
643 2091 715 2157 olei.
760 2091 898 2167 Quando
917 2092 1126 2177 procedebam
1147 2089 1187 2155 ad
1207 2113 1281 2177 por-

327 2205 391 2257 tam
407 2192 555 2271 civitatis,
575 2207 606 2259 et
629 2194 662 2258 in
682 2194 788 2282 platea
806 2194 991 2261 cathedram
1012 2195 1168 2283 parabant
1190 2193 1280 2257 mibi.

328 2294 490 2361 Videbant
505 2319 555 2360 me
571 2298 708 2383 juvenes
727 2309 759 2361 et
780 2297 1064 2374 abscondebantur,
1079 2308 1112 2361 et
1131 2319 1219 2361 senes
1233 2318 1281 2360 as·

329 2410 495 2483 surgentes
510 2399 648 2464 stabant.
687 2397 851 2483 Principes
865 2398 1029 2460 cessabant
1044 2394 1144 2481 loqui,
1159 2409 1192 2460 et
1207 2418 1282 2482 sup-

328 2498 488 2583 ponebant
504 2497 641 2582 digitum
662 2497 710 2561 ori
728 2520 796 2560 suo.
842 2498 959 2560 Vocem
981 2518 1070 2560 suam
1089 2495 1281 2560 cohibebant

328 2596 434 2673 duces,
449 2610 481 2662 et
496 2599 609 2683 lingua
627 2620 737 2661 eorum
761 2597 888 2682 gutturi
903 2619 961 2660 suo
975 2595 1170 2661 adhaerebat.
1214 2599 1281 2660 Au·

328 2696 372 2759 ris
386 2696 517 2761 audiens
532 2697 735 2762 beatificabat
750 2719 811 2773 me,
827 2708 859 2761 et
873 2696 984 2761 oculus
1004 2694 1126 2775 videns,
1140 2695 1282 2759 testimo-

329 2799 418 2860 nium
441 2796 595 2862 reddebat
618 2798 707 2875 mihi,
730 2822 768 2861 eo
789 2800 877 2885 quod
903 2798 1084 2862 liberassem
1109 2818 1281 2883 pauperem

331 2897 568 2976 vociferantem,
584 2913 616 2964 et
636 2902 796 2987 pupillum
812 2902 866 2966 cui
881 2924 943 2966 non
959 2914 1028 2965 erat
1043 2899 1181 2985 adjutor.
1220 2898 1282 2963 Be·

332 2998 470 3062 nedictio
494 3001 628 3085 perituri
654 3023 750 3086 super
776 3024 826 3065 me
852 3001 1011 3079 veniebat,
1038 3013 1070 3065 et
1096 3021 1150 3063 cor
1175 2998 1282 3062 viduae

331 3100 511 3165 consolatus
535 3125 614 3167 sum.
652 3105 675 3165 J
678 3102 788 3169 ustitia
807 3102 943 3167 indutus
962 3124 1044 3183 sum,
1059 3114 1091 3167 et
1106 3099 1219 3166 vestivi
1234 3122 1285 3163 me

332 3203 415 3268 sicut
431 3204 628 3285 vestimento,
643 3217 675 3269 et
696 3204 875 3270 diademate
893 3204 1017 3291 judicio
1038 3227 1119 3269 meo.
1163 3202 1286 3267 Oculus

332 3304 381 3368 fui
404 3329 497 3380 caeco,
520 3320 551 3372 et
574 3329 629 3393 pes
650 3307 773 3372 claudo.
820 3308 916 3371 Pater
937 3329 1023 3371 eram
1046 3326 1235 3392 pauperum,
1253 3317 1286 3368 et

332 3430 457 3471 causam
473 3431 570 3493 quarn
585 3410 773 3485 nesciebam,
790 3408 1030 3494 diligentissime
1045 3405 1285 3491 investigabam.

333 3509 545 3575 Conterebam
578 3510 711 3575 molares
740 3511 856 3597 iniqui,
887 3523 919 3575 et
949 3512 988 3575 de
1017 3508 1170 3574 dentibus
1200 3506 1287 3571 illius

333 3611 516 3677 auferebam
542 3612 696 3697 praedam.
742 3613 979 3697 Dicebamque:
1020 3614 1059 3675 In
1082 3611 1194 3675 nidulo
1215 3630 1287 3674 meo

332 3715 461 3789 moriar,
477 3727 510 3779 et
525 3715 607 3780 sicut
622 3716 729 3802 palma
743 3715 963 3802 multiplicabo
977 3714 1054 3779 dies.
1092 3713 1202 3779 Radix
1217 3735 1287 3776 mea

332 3826 443 3900 aperta
464 3827 512 3879 est
535 3837 625 3880 secus
648 3839 757 3903 aquas,
772 3828 804 3881 et
825 3840 877 3881 ros
897 3816 1073 3881 morabitur
1087 3815 1120 3879 in
1137 3814 1288 3878 messione

331 3937 411 3982 mea.
457 3917 569 3981 Gloria
589 3941 659 3982 mea
674 3941 797 4004 semper
811 3918 1027 3993 innovabitur,
1043 3933 1075 3981 et
1090 3939 1182 3980 arcus
1197 3938 1287 3978 meus

333 4016 366 4079 in
381 4040 477 4082 manu
493 4041 565 4084 mea
583 4020 826 4085 instaurabitur.
873 4020 937 4097 Qui
953 4043 1003 4083 me
1018 4018 1204 4094 audiebant,
1220 4038 1289 4080 sen·

335 4117 467 4182 tentiam
482 4120 705 4204 expectabant,
721 4132 753 4184 et
767 4118 880 4183 intenti
898 4119 1045 4182 tacebant
1060 4117 1101 4180 ad
1123 4115 1289 4179 consilium

336 4238 452 4283 meum.
498 4218 610 4282 Verbis
625 4219 704 4283 meis
726 4218 843 4283 addere
858 4219 936 4283 nihil
957 4218 1129 4292 audebant,
1146 4229 1178 4281 et
1193 4237 1290 4301 super

337 4315 407 4380 illos
423 4316 562 4383 stillabat
578 4318 738 4404 eloquium
751 4340 867 4383 meum.
906 4318 1130 4405 Expectabant
1146 4340 1196 4381 me
1211 4317 1292 4381 sicut
