3384 5234
456 676 518 734 960
714 690 851 734 Jonuurs
867 691 1144 736 suassaamsums
1268 675 1350 754 [tra.
1366 696 1409 740 rv.

459 864 548 905 secus
573 864 673 927 aquas
699 842 773 905 istas
803 841 944 927 positum
971 854 1029 919 est,
1055 865 1118 907 non
1144 844 1267 909 arescit.
1313 847 1410 921 Quod

460 966 535 1007 vero
550 945 599 1008 vel
620 944 773 1007 radicitus
792 965 856 1006 non
876 944 1073 1021 humectant,
1088 944 1285 1022 dissolvitur,
1302 960 1334 1012 et
1351 948 1413 1012 ari-

459 1045 536 1110 dum
560 1046 643 1132 perit
665 1059 816 1130 tanquam
840 1044 958 1131 pulvis,
981 1068 1076 1131 quem
1103 1046 1231 1131 projicit
1255 1061 1369 1114 ventus
1393 1074 1414 1114 a

460 1148 540 1213 facie
556 1161 659 1214 terrae.
705 1148 791 1211 Hinc
812 1147 943 1233 quidem
963 1171 1026 1212 non
1047 1147 1145 1212 duces
1164 1163 1314 1236 exceptos
1330 1153 1414 1216 arbi-

460 1260 539 1326 tror,
555 1271 617 1313 non
634 1260 790 1334 potentes,
805 1248 882 1333 quia
904 1270 1014 1333 regum
1036 1249 1138 1333 gloria
1153 1251 1372 1330 transferetur,
1387 1253 1413 1315 si

458 1350 581 1436 injusti,
611 1350 767 1437 injuriosi,
795 1350 1024 1426 contumeliosi,
1054 1350 1175 1414 inventi
1204 1351 1324 1417 suerint
1354 1366 1411 1418 aut

458 1451 567 1517 dolosi.
613 1452 659 1517 Os
674 1451 828 1537 siquidem
847 1450 977 1515 Domini
993 1450 1165 1537 loquutum
1180 1466 1240 1518 est.
1280 1455 1410 1520 Verum-

458 1565 564 1618 tamen
586 1552 674 1617 salvo
695 1552 858 1618 intellectu
885 1552 1124 1638 sapientiorum,
1151 1576 1213 1617 non
1238 1556 1279 1620 ab
1305 1577 1339 1618 re
1365 1572 1412 1620 est

462 1657 513 1739 (ut
528 1655 654 1742 opinor)
672 1654 760 1741 quod
781 1653 906 1718 nomina
928 1654 1090 1730 vitiorum,
1112 1654 1273 1720 locutione
1295 1656 1410 1743 plurali

457 1760 617 1844 exposuit,
631 1768 663 1821 et
678 1757 710 1819 in
726 1756 795 1842 ipsa
815 1754 1001 1841 pluralitate
1019 1754 1235 1821 diversitatem
1251 1757 1412 1842 quandam

456 1860 632 1947 prudenter
660 1858 804 1923 inseruit.
849 1860 908 1922 Ait
938 1857 1034 1937 enim,
1059 1870 1096 1922 ut
1125 1858 1317 1945 praedictum
1343 1873 1409 1925 est:

456 1961 542 2037 Quia
556 1983 689 2046 regnum
710 1961 861 2045 degente
882 1959 914 2022 in
935 1971 1062 2045 gentem
1079 1960 1301 2037 transferetur,
1317 1982 1412 2046 prop-

457 2073 507 2127 ter
528 2062 713 2146 injustitias,
728 2073 761 2125 et
782 2060 927 2145 injurias,
943 2074 975 2125 et
990 2060 1208 2141 contumelias,
1223 2075 1255 2127 et
1271 2062 1411 2126 diversos

456 2161 554 2226 dolos.
600 2161 693 2239 Quod
716 2172 822 2224 autem
850 2159 991 2225 diversos
1011 2162 1045 2225 in
1068 2162 1130 2226 line
1158 2162 1306 2249 subjecit,
1329 2177 1411 2248 puto

455 2261 665 2327 communiter
693 2260 734 2324 ad
764 2260 870 2323 omnia
904 2260 1117 2337 referendum,
1148 2275 1180 2327 et
1215 2275 1280 2327 tam
1314 2263 1411 2350 pleno

455 2362 696 2450 concipiendum
723 2361 898 2440 intellectu,
922 2377 1043 2428 utnon
1071 2364 1167 2429 modo
1189 2365 1345 2430 referatur
1366 2365 1407 2429 ad

455 2465 596 2531 diversas
618 2467 738 2551 species
757 2464 920 2541 vitiorum,
944 2464 997 2529 sed
1021 2484 1053 2531 et
1075 2468 1177 2531 varias
1198 2466 1317 2552 figuras
1338 2488 1412 2551 per-

455 2589 601 2633 sonarum
629 2567 869 2653 complectatur,
898 2581 931 2631 et
961 2567 1072 2631 modos
1100 2590 1219 2647 omnes,
1245 2567 1365 2653 quibus
1390 2592 1411 2632 a

455 2692 647 2757 quocunque
666 2671 735 2735 haeo
756 2668 834 2733 vitia
854 2668 1107 2735 committuntur.
1153 2669 1302 2756 Princeps
1322 2669 1407 2733 enim

454 2785 581 2837 tenetur
603 2772 644 2835 de
665 2772 823 2847 omnibus,
839 2789 872 2836 et
887 2770 1028 2835 omnium
1051 2787 1161 2837 auctor
1183 2794 1252 2835 esse
1268 2771 1408 2852 videtur,

454 2874 531 2959 quia
545 2893 646 2958 quum
662 2872 767 2936 omnia
782 2871 881 2958 possit
896 2874 1065 2956 corrigere,
1081 2896 1190 2937 eorum
1205 2875 1320 2938 merito
1335 2897 1408 2960 par-

452 2975 552 3061 ticeps
566 2987 624 3061 est,
636 2998 711 3061 quae
725 2974 828 3039 noluit
840 2974 1016 3038 emendare.
1049 2977 1157 3054 Quum
1170 2976 1252 3040 enim
1266 2989 1409 3063 potestas

453 3077 583 3164 publica
605 3076 657 3156 sit,
677 3090 714 3142 ut
736 3075 956 3163 praediximus,
978 3077 1119 3142 omnium
1143 3077 1225 3142 vires
1246 3078 1407 3156 exhaurit,

452 3193 484 3244 et
499 3202 539 3243 ne
553 3180 586 3243 in
602 3201 635 3242 se
650 3178 788 3254 deficiat,
800 3176 1050 3243 incolumitatem
1067 3178 1208 3243 omnium
1225 3178 1320 3244 debet
1333 3201 1407 3265 pro-

346 3315 348 3320 ·
451 3304 563 3346 curare
583 3281 807 3346 membrorum.
853 3281 939 3358 Quot
961 3295 1069 3345 autem
1084 3282 1116 3345 in
1133 3280 1408 3346 administratione

451 3384 647 3471 principatus
662 3396 772 3449 extant
787 3382 900 3462 officia,
915 3395 963 3447 tot
979 3397 1051 3448 sunt
1068 3383 1252 3469 principalis
1266 3383 1408 3470 corporis

452 3486 708 3571 quasimembra.
754 3489 842 3549 Dum
867 3499 973 3549 autem
996 3485 1194 3570 singulorum
1211 3484 1314 3549 officia
1328 3484 1408 3549 inte-

450 3585 568 3669 gritate
596 3585 741 3662 virtutis,
770 3598 801 3649 et
839 3585 998 3650 suavitate
1033 3586 1192 3672 opinionis
1228 3597 1406 3662 conservat,

450 3686 609 3771 quandam
625 3686 717 3771 quasi
741 3687 890 3751 membris
906 3687 1073 3752 sanitatem
1099 3698 1249 3773 procurat
1264 3697 1297 3749 et
1312 3684 1406 3748 deco-

383 3833 386 3840 r
448 3808 525 3850 rem.
574 3788 683 3859 Quum
701 3807 775 3848 vero
797 3808 837 3848 ex
858 3787 1052 3869 negligentia
1073 3801 1129 3852 aut
1151 3784 1404 3848 dissimulatione

448 3885 615 3974 potestatis
634 3885 717 3949 circa
739 3884 851 3960 officia,
873 3887 913 3951 sit
937 3888 1062 3954 virtutis
1083 3901 1138 3952 aut
1161 3886 1255 3950 famae
1277 3885 1405 3973 dispen-

447 3988 548 4066 dium,
564 3987 654 4072 quasi
672 3986 704 4050 in
720 3986 863 4051 membra
883 3989 964 4073 ejus,
980 3990 1083 4055 morbi
1098 4004 1130 4055 et
1146 3988 1279 4054 maculae
1300 3988 1407 4054 incur-

446 4105 532 4157 runt.
589 4095 657 4156 Nec
688 4089 743 4153 diu
779 4090 923 4156 subsistit
953 4092 1157 4161 incolumitas
1192 4092 1316 4180 capitis,
1345 4091 1403 4156 ubi

445 4195 579 4279 languor
595 4191 809 4256 membrorum
825 4191 1000 4257 invalescit.
1342 4198 1347 4207 '
