3384 5234
328 691 400 736 cnr.
416 675 510 749 xus]
673 686 926 736 rosrcmrrcus.
1242 673 1282 731 55

329 855 384 906 tus
399 853 457 920 est,
472 841 579 907 asinus
598 840 740 913 inutilis;
773 840 831 905 etei
854 837 1011 902 utilissimi
1027 837 1100 911 sint,
1116 836 1158 900 ad
1178 837 1282 922 perfe-

328 943 426 1006 renda
442 965 547 1006 onera.
594 946 711 1028 Equus
737 939 932 1028 quandoque
953 939 1054 1004 bonus
1072 952 1138 1017 est3
1169 938 1224 1002 sed
1248 939 1279 1002 in

325 1064 366 1105 eo
388 1043 467 1106 nihil
489 1042 611 1123 utilius,
635 1065 732 1128 quam
755 1040 843 1128 quod
868 1040 1014 1104 humanis
1037 1039 1148 1103 usibus
1171 1040 1278 1104 servit.

328 1146 438 1209 Habet
453 1168 528 1209 vero
538 1144 722 1231 jurgiorum
738 1156 769 1207 et
785 1164 905 1227 pugnae
921 1142 1191 1227 significationem.
1227 1143 1281 1205 In-

328 1246 456 1311 terdum
486 1260 592 1311 tamen
617 1269 658 1310 ex
682 1246 786 1309 colore
812 1258 844 1309 et
869 1245 940 1310 visu
963 1243 1138 1330 mitigatur.
1188 1244 1281 1310 Unde

328 1349 416 1433 apud
442 1347 622 1433 Virgilium,
646 1346 721 1409 visis
746 1345 826 1410 albis
852 1346 956 1431 equis,
978 1358 1150 1430 apparente
1177 1345 1282 1423 ltalia,

327 1447 433 1511 senior
450 1448 605 1513 Anchises
619 1447 793 1511 exclamat:

471 1555 584 1620 Bellum,
597 1572 611 1606 o
623 1553 720 1608 bellum
732 1559 802 1606 terra
813 1554 918 1625 hospita
930 1560 1026 1625 portas.

329 1654 482 1731 Cervnm,
502 1651 693 1737 capreolum,
715 1673 893 1737 aprumque
913 1650 1101 1727 silvestrem,
1122 1673 1278 1736 onagrum

328 1767 360 1816 et
391 1766 505 1817 caetera
532 1754 628 1839 hujus
656 1752 790 1838 generis,
817 1752 901 1815 malo
926 1751 1094 1838 prandenti
1125 1774 1279 1839 apponas,

329 1878 428 1939 quam
453 1855 552 1920 vianti
579 1878 730 1942 opponas.
784 1859 901 1919 AEneas
930 1854 1032 1918 cervis
1061 1877 1121 1941 pro
1150 1855 1279 1919 navium

329 1980 462 2020 numero
487 1959 575 2035 fusis,
597 1981 689 2021 omen
712 1956 800 2042 quod
824 1958 1017 2021 contrarium
1035 1956 1215 2036 videbatur,
1236 1958 1278 2022 ad

331 2083 362 2122 se
393 2059 612 2146 sociorumque
643 2059 816 2134 fortunam,
846 2059 965 2125 virtute
995 2060 1129 2124 retorsit.
1183 2062 1281 2125 Canis

328 2163 502 2249 sequipeda
517 2162 791 2226 commodissimus
808 2176 875 2227 est:
899 2163 1002 2248 cujus,
1018 2162 1043 2225 si
1058 2186 1133 2226 vera
1147 2176 1194 2228 est
1212 2166 1279 2228 He·

329 2266 487 2329 braeorum
520 2264 661 2341 traditio,
693 2288 750 2328 nec
779 2264 912 2349 angelus
940 2265 1007 2351 ipse
1037 2265 1153 2330 Tobiae
1179 2266 1281 2331 socius

328 2381 518 2453 aspernatus
534 2380 580 2431 est
597 2365 794 2431 comitatum.
840 2366 925 2444 Quid
943 2368 1028 2453 quod
1045 2370 1152 2453 Cyrus
1168 2369 1282 2433 scelere

329 2468 381 2529 avi
404 2469 569 2554 expositus
591 2467 624 2531 in
647 2466 734 2531 silvis
757 2480 792 2531 ut
815 2466 944 2553 periret,
958 2468 1108 2533 canicnlae
1132 2469 1282 2535 uberibus

328 2590 460 2652 regnum
484 2568 622 2653 adeptus
645 2581 693 2631 est
715 2569 896 2630 Persarum.
943 2567 1084 2630 Locusta
1106 2570 1165 2632 etsi
1188 2570 1280 2633 mini·

328 2692 413 2734 mum
437 2672 549 2756 possit,
570 2669 789 2734 itinerantium
812 2681 918 2733 tamen
942 2668 1098 2754 praepedit
1124 2682 1218 2749 vota;
1240 2694 1280 2734 ex

329 2793 366 2833 eo
380 2771 462 2835 forte
486 2772 529 2836 sic
552 2771 650 2850 dicta,
666 2769 752 2854 quod
776 2768 844 2833 loco
865 2782 948 2833 stare
970 2769 1065 2834 faciat
1088 2771 1278 2855 gradientes.

236 2880 242 2891 “
329 2873 358 2933 Ε
372 2885 481 2932 contra
492 2871 599 2933 cicada
608 2869 738 2934 viatoris
751 2882 916 2955 promovet
927 2892 1084 2955 gressum,
1096 2884 1128 2936 et
1139 2872 1278 2937 initiato-

328 2994 399 3035 rum
423 2985 560 3035 amoenat
582 2971 716 3036 exitum.
762 2974 890 3035 Aranea
915 2972 993 3033 dum
1020 2994 1038 3034 a
1064 2973 1280 3057 superioribus

330 3074 419 3138 filum
447 3072 548 3153 ducit,
573 3096 658 3159 spem
681 3087 823 3138 venturae
846 3073 989 3159 pecuniae
1005 3074 1133 3139 videtur
1155 3074 1278 3140 afferre.

329 3176 453 3240 Obvius
463 3175 541 3238 bufo
555 3175 683 3241 futuros
699 3199 860 3240 successus
872 3175 1061 3249 denunciat;
1079 3176 1156 3240 mihi
1172 3189 1279 3243 tamen

329 3278 378 3340 vel
404 3277 470 3341 solo
494 3278 564 3342 visu
586 3282 737 3342 molestus
759 3291 816 3343 est.
863 3278 1077 3341 Veruntamen
1099 3278 1204 3342 omine
1224 3280 1301 3343 illo'

326 3379 405 3443 nihil
428 3384 603 3466 potentius,
625 3380 705 3444 nihil
729 3380 885 3444 efficacius
909 3392 969 3457 est,
990 3380 1069 3442 nihil
1096 3380 1279 3445 mortalium

327 3503 469 3567 unquam
480 3482 634 3558 invenies,
645 3480 732 3567 quod
745 3481 923 3546 evidentius
933 3482 1091 3567 exprimat
1105 3482 1279 3547 veritatem.

329 3585 429 3648 Porro
444 3584 470 3647 si
485 3596 585 3648 artem
601 3582 772 3669 diligenter
784 3588 960 3669 exequeris,
970 3585 1182 3649 conditionem
1198 3586 1280 3672 ejus,

326 3698 357 3749 et
381 3686 466 3751 dona
487 3698 621 3761 naturae,
638 3685 746 3762 situm,
762 3698 901 3769 gestum,
918 3697 1104 3771 motumque
1126 3688 1278 3772 corporis,

326 3810 518 3873 sensumque
542 3786 704 3864 sermonis,
721 3800 790 3851 tota
811 3787 927 3850 mentis
946 3787 1122 3851 intentione
1143 3788 1280 3853 notabis.

327 3890 529 3954 Sacerdotem
553 3888 685 3952 obvium
708 3887 846 3951 aliumve
869 3886 1063 3972 religiosum,
1079 3888 1191 3953 dicunt
1212 3912 1279 3953 esse

324 3982 511 4058 infaustum.
568 3992 642 4075 Ego
672 4014 802 4077 quoque
838 3989 1050 4075 perniciosum
1079 3992 1184 4067 credo,
1215 4014 1278 4055 non

325 4092 421 4155 modo
435 4091 664 4167 sacerdotibus,
682 4092 736 4156 sed
754 4107 787 4157 et
805 4092 879 4155 viris
900 4091 1097 4178 sapientibus
1112 4094 1281 4157 contraire.

327 4194 446 4257 Melius
472 4217 603 4279 quoque
628 4207 675 4257 est
703 4195 830 4258 obviare
861 4194 948 4278 genti
980 4216 1152 4270 servorum,
1180 4216 1278 4280 quam

324 4294 373 4359 his
399 4297 455 4382 qui
479 4318 603 4361 summa
629 4309 704 4361 sunt
732 4295 862 4382 praediti
887 4308 1053 4380 potestate.
1101 4295 1277 4360 Foeminam
