3384 5234
331 671 402 720 oar.
419 657 469 737 m]
698 669 951 717 POLYthTlcus.
1247 654 1287 712 77

332 825 444 890 bilium
462 846 604 911 operum,
620 824 723 911 ipsum
737 822 902 889 Christum
917 823 1020 884 Deum
1037 841 1103 882 esse
1118 830 1285 883 constaret.

333 926 430 992 Unde
444 928 621 1011 Josephus:
647 926 725 989 Fuit
736 936 843 987 autem
856 922 968 985 iisdem
981 919 1178 1005 temporibus
1188 921 1286 983 Jesus

331 1028 455 1114 sapiens
480 1026 541 1103 vir,
566 1027 591 1091 si
615 1039 719 1089 tamen
746 1028 852 1088 virum
877 1045 953 1114 eum·
973 1021 1134 1108 appellare
1157 1021 1206 1086 fas
1227 1033 1285 1086 est.

331 1131 411 1194 Erat
442 1130 527 1193 enim
557 1127 748 1192 mirabilium
779 1147 911 1211 operum
941 1124 1081 1202 effector,
1110 1122 1285 1209 doctorque

331 1232 496 1297 hominum
514 1252 636 1306 eorum,
649 1230 706 1314 qui
722 1228 858 1292 libenter
872 1249 947 1313 quae
959 1249 1032 1289 vera
1046 1244 1121 1290 sunt
1137 1226 1284 1302 audiunt,

331 1348 363 1398 et
379 1336 497 1399 multos
512 1332 644 1419 quidem
658 1334 678 1398 J
682 1330 859 1406 udaeorum,
876 1329 994 1393 multos
1015 1328 1111 1393 etiam
1127 1351 1167 1391 ex
1184 1329 1285 1411 genti

331 1436 392 1500 bus
412 1436 472 1502 sibi
495 1434 650 1519 adjunxit.
682 1433 831 1499 Christus
853 1432 906 1495 hic
928 1442 1005 1496 erat.
1035 1432 1135 1494 Hunc
1156 1454 1284 1496 accusa·

331 1538 417 1601 tione
432 1537 609 1623 primorum
623 1548 738 1600 nostrae
754 1534 859 1619 gentis
874 1533 1028 1610 virorum,
1044 1555 1142 1617 quum
1160 1533 1284 1598 Pilatus

331 1639 363 1702 in
379 1661 503 1703 crucem
521 1636 677 1722 agendum
694 1660 760 1700 esse
780 1636 980 1715 decrevisset,
995 1657 1057 1698 non
1074 1634 1283 1701 deseruerunt

331 1764 405 1806 eum
417 1741 463 1817 hi,
475 1739 530 1826 qui
543 1739 583 1803 ab
594 1738 687 1803 initio
698 1761 771 1802 eum
784 1737 970 1801 dilexerant.
1003 1738 1166 1823 Apparuit
1177 1749 1280 1803 autem

331 1842 383 1905 die
398 1842 442 1905 eis
464 1842 557 1906 tertia
571 1841 685 1905 iterum
707 1840 809 1915 vivus,
826 1837 999 1903 secundum
1020 1837 1108 1924 quod
1129 1839 1282 1906 divinitus

330 1944 473 2030 inspirati
495 1942 670 2040 propheta,
687 1941 736 2004 vel
760 1940 838 2019 haec,
853 1940 901 2003 vel
918 1939 980 2003 alia
1001 1940 1041 2003 de
1056 1964 1093 2004 eo
1115 1941 1283 2007 innumera

329 2044 481 2111 miracula
497 2044 607 2109 futura
622 2067 690 2107 esse
712 2043 938 2128 praedixerant.
978 2042 1039 2106 Sed
1055 2057 1086 2107 et
1110 2043 1140 2105 in
1157 2042 1282 2107 hodier-

328 2167 402 2210 num
420 2147 504 2210 diem
522 2145 790 2223 Christianorum,
806 2149 862 2230 qui
876 2144 917 2207 ab
939 2168 976 2208 eo
995 2146 1173 2231 nuncupati
1194 2159 1279 2223 sunt,

326 2259 358 2309 et
374 2269 489 2313 nomen
505 2257 685 2333 perseverat
700 2257 732 2308 et
747 2267 858 2339 genus.

371 2518 449 2603 Cap.
470 2524 519 2582 10.
542 2520 595 2582 De
618 2520 819 2601 Vespasiano,
834 2520 892 2599 qai
906 2520 1059 2584 cundum
1075 2527 1236 2584 atrocum

667 2642 798 2683 curasse
812 2622 941 2702 legitur.

369 2754 608 2819 vssmsnson
624 2774 754 2838 quoque
774 2753 798 2813 J
800 2752 902 2817 udoeae
925 2733 1129 2830 vastatorem,
1144 2767 1280 2839 patrem-

328 2877 391 2939 que
412 2856 493 2930 Titi,
510 2855 805 2939 Hierosolymorum
821 2854 954 2940 piissimi
969 2841 1133 2933 eversoris,
1151 2870 1186 2920 ut
1207 2858 1276 2943 qui-

326 2952 461 3017 busdam
485 2954 692 3039 scriptoribus
713 2955 847 3040 placuit,
868 2954 1104 3031 miraculorum,
1121 2956 1218 3041 signis
1237 2959 1279 3022 ad

325 3055 501 3118 faciendam
524 3055 693 3122 vindictam
711 3057 742 3121 in
766 3056 958 3132 nationibus,
975 3057 1035 3121 Dei
1058 3058 1180 3144 digitus
1194 3064 1279 3125 exci-

326 3158 417 3222 tavit.
457 3160 569 3243 Ipsum
585 3181 722 3247 namque
737 3160 871 3224 necdum
891 3160 1132 3246 Imperatorem,
1146 3162 1277 3248 quidam

324 3282 342 3322 e
371 3260 464 3345 plebe
498 3260 672 3327 luminibus
704 3264 847 3340 orbatae,
872 3263 1013 3347 itemque
1043 3263 1123 3328 alius
1148 3265 1279 3331 claudus

324 3382 417 3425 crure
429 3361 552 3439 debilis,
566 3364 725 3428 sedentem
743 3388 800 3451 pro
817 3365 970 3430 tribunali
986 3365 1104 3452 pariter
1119 3367 1278 3447 adierunt,

324 3475 450 3527 orantes
464 3486 557 3550 opem
577 3463 764 3543 valetudini,
780 3490 818 3529 eo
838 3466 925 3552 quod
942 3465 1002 3529 sibi
1023 3466 1105 3532 loret
1120 3466 1151 3529 in
1171 3467 1279 3554 quiete

325 3576 546 3642 monstratum,
561 3565 671 3629 oculos
685 3567 913 3644 restituendos,
923 3569 949 3631 si
964 3591 1018 3631 eos
1029 3566 1083 3631 ille
1098 3568 1278 3655 inspiceret,

323 3677 355 3729 et
375 3688 449 3731 crus
472 3665 568 3730 debili
591 3668 819 3744 roborandum,
835 3667 862 3731 si
883 3668 965 3732 illud
988 3668 1176 3754 dignaretur
1194 3671 1279 3736 calce

323 3769 517 3853 contingere.
549 3769 726 3834 Orantibus
741 3770 991 3850 amicis,invitus
1006 3770 1089 3847 licet,
1102 3785 1278 3858 utrumque

323 3871 477 3945 tentavit3
501 3894 558 3935 nec
573 3871 678 3936 defuit
693 3886 834 3937 eventus.
873 3873 1050 3958 lmperium
1066 3895 1194 3959 quoque
1209 3875 1278 3960 ejus

322 3983 354 4034 et
372 3970 520 4036 interitus
537 3972 657 4036 Vitellii
676 3987 709 4037 et
726 3974 874 4054 Othonis,
888 3971 946 4059 qui
966 3972 1051 4036 laedo
1067 3973 1186 4036 Neroni
1209 3995 1277 4038 suc·

321 4087 489 4155 cesserant,
514 4073 663 4160 pluribus
691 4074 867 4140 coelestium
899 4074 997 4161 signis
1028 4073 1278 4161 praenunciatum

321 4186 380 4251 est,
396 4185 428 4238 et
444 4198 504 4260 pro
519 4186 611 4261 parte
626 4175 800 4260 stupendis.
