3384 5234
425 656 487 715 208
682 666 819 711 Jonums
835 664 1114 711 ssrussasmsusrs
1224 653 1306 726 [ms.
1325 671 1376 715 111.

425 817 597 885 decreverit
615 819 803 904 Imperator.
848 818 903 884 Ait
918 819 1020 882 enim:
1047 818 1154 895 Quum
1171 818 1219 881 vir
1234 821 1328 885 nubit
1343 821 1375 884 in

424 923 573 987 feminam
592 921 672 984 vires
687 932 917 1007 porrecturam,
932 921 1012 1007 quid
1029 922 1159 1004 cupiat?
1199 922 1266 987 Ubi
1281 946 1377 987 sexus

423 1025 563 1112 perdidit
578 1024 694 1102 locum,
710 1047 766 1087 nec
787 1027 887 1088 scelus
901 1036 948 1088 est
965 1024 1049 1109 quod
1066 1045 1127 1086 non
1144 1024 1267 1109 perficit
1283 1026 1374 1100 scire,

423 1128 478 1193 ubi
505 1131 615 1191 Venus
640 1139 784 1190 mutatur
810 1126 843 1188 in
871 1125 1001 1190 alteram
1028 1125 1173 1199 formam,
1201 1127 1257 1190 ubi
1286 1152 1375 1192 amor

423 1228 578 1315 quaeritur
597 1240 629 1292 et
650 1250 712 1290 non
735 1227 905 1302 invenitur,
917 1227 1069 1314 jubemus
1090 1228 1254 1314 insurgere
1276 1229 1372 1315 leges,
1437 1240 1451 1267 ‘

421 1329 535 1394 armari
557 1330 644 1415 jura,
672 1341 708 1392 ut
733 1328 841 1412 gladio
868 1329 981 1403 ultore,
1008 1340 1041 1392 et
1067 1328 1236 1414 exquisitis
1257 1331 1370 1416 poenis,

421 1430 600 1496 subdantur
614 1431 760 1510 infames,
775 1430 832 1516 qui
848 1441 934 1506 sunt,
944 1428 995 1492 rel
1010 1428 1114 1493 futuri
1130 1444 1203 1495 sunt
1219 1432 1274 1495 rei.
1310 1433 1374 1495 Sed

421 1557 524 1621 neque
538 1532 809 1598 consentientibus
828 1532 941 1618 parcit,
957 1530 1035 1617 quin
1051 1531 1095 1594 eis
1110 1554 1235 1617 poeuam
1251 1531 1370 1619 irroget

419 1636 596 1723 capitalem,
614 1658 712 1722 quum
729 1648 760 1698 et
776 1634 844 1719 lege
861 1634 969 1700 divina
983 1633 1144 1710 facientes,
1161 1648 1192 1699 et
1215 1637 1371 1699 consenti-

419 1752 518 1815 entes,
534 1738 602 1825 pari
618 1760 712 1824 poena
726 1738 915 1823 plectantur.
963 1736 1128 1821 Ipsosque,
1146 1758 1261 1821 magno
1276 1736 1371 1823 Epis.

417 1864 497 1927 copo
523 1853 651 1904 auctore
678 1837 896 1919 (Ambrosium
924 1836 1192 1901 Mediolanensem
1223 1840 1367 1922 attende)

418 1939 646 2004 consentientes
665 1938 808 2002 definivit
830 1961 907 2017 esse,
924 1940 982 2023 qui
999 1951 1111 2003 notum
1134 1962 1270 2003 errorem
1294 1942 1368 2006 reti-

417 2054 500 2119 cent,
518 2055 574 2104 aut
594 2042 751 2125 corrigere
771 2061 872 2125 quum
893 2041 1028 2125 possint,
1046 2039 1256 2107 dissimulant.
1303 2044 1367 2107 Sed

418 2140 497 2227 quid
513 2139 553 2203 de
572 2144 618 2204 eis
633 2140 860 2217 verecundum,
876 2141 1086 2227 odiosumque
1107 2164 1278 2206 sermonem
1294 2165 1368 2228 pro-

417 2241 603 2306 tendimus?
641 2242 689 2305 Ut
711 2254 825 2304 sortem
853 2264 962 2304 eorum
991 2242 1147 2326 condigna
1167 2242 1367 2309 conclusione

417 2343 616 2421 claudamus,
643 2341 854 2429 proculdubio
880 2342 969 2428 pluet
1002 2365 1096 2428 super
1124 2366 1177 2407 eos
1207 2344 1367 2409 Dominus

416 2445 547 2532 laqueos
561 2458 598 2510 ut
613 2468 675 2508 non
692 2443 859 2529 effugiant,
874 2444 969 2530 ignis,
986 2444 1133 2531 sulphur,
1148 2445 1278 2532 spiritus
1294 2470 1367 2532 pro-

414 2547 574 2623 cellarum,
591 2571 664 2633 pars
682 2547 787 2612 calicis
806 2570 927 2622 eorum,
944 2559 975 2611 et
997 2569 1068 2611 cum
1089 2547 1272 2612 auctoribus
1288 2549 1365 2626 suis,

414 2673 496 2736 quos
514 2650 651 2714 Sodoma
672 2650 847 2727 devoravit,
864 2662 957 2714 erunt
982 2650 1105 2714 saeculis
1119 2652 1152 2715 in
1167 2649 1312 2715 foetorem
1331 2665 1364 2716 et

413 2753 621 2840 opprobrium
644 2752 881 2838 sempiternum.
927 2753 1013 2829 Quid
1036 2751 1179 2837 proderit
1194 2775 1303 2839 quaeso
1317 2754 1363 2818 eis

413 2865 490 2918 tunc
502 2853 640 2918 divitum
652 2857 760 2918 favor?
783 2859 850 2918 Aut
862 2852 936 2939 quis
945 2865 1049 2939 potest
1062 2876 1128 2917 esse
1140 2855 1361 2939 temporalium

411 2979 489 3020 usus
511 2968 567 3019 aut
582 2955 740 3042 voluptas,
757 2978 853 3041 quem
877 2965 985 3019 tantus
1007 2953 1109 3033 dolor,
1125 2969 1156 3020 et
1181 2969 1270 3020 tanta
1291 2979 1360 3022 eru-

412 3057 570 3123 bescentia
585 3081 646 3122 non
663 3057 856 3123 absorbeat?

411 3371 490 3455 Cap.
509 3378 557 3435 14.
584 3373 969 3454 Adulntorespuniendos
984 3379 1238 3454 anatomicam
1259 3375 1360 3437 ltostea

451 3473 595 3537 Deorum
618 3483 649 3537 et
672 3475 846 3550 dominum,
862 3481 894 3537 et
915 3477 1080 3538 veritatem
1098 3481 1270 3556 gratanter
1292 3496 1360 3539 am·

447 3577 657 3655 plectendam,
674 3584 705 3641 et
716 3578 913 3659 patientiam
929 3577 1179 3655 custodiendam,
1194 3584 1261 3640 tom
1278 3578 1358 3640 roti-

451 3676 567 3737 ortibus
580 3698 677 3756 quam
694 3680 844 3761 ecemplis
859 3681 1026 3759 majorum.

452 3860 531 3937 Suu,
549 3872 586 3924 ut
609 3860 733 3945 vulgari
756 3860 926 3948 proverbio
948 3862 1078 3938 dieitur,
1101 3862 1191 3925 Deus
1212 3858 1266 3922 ille
1289 3880 1356 3945 prae

406 3961 516 4025 ceteris
542 3962 692 4026 colendus
714 3964 868 4041 creditur,
890 3964 947 4049 qui
971 3961 1117 4027 subvenit
1140 3962 1174 4026 in
1196 3962 1356 4048 praesenti.

408 4061 550 4146 Ideoque
566 4086 627 4126 non
643 4079 756 4129 curant
775 4064 947 4150 qu0m0d0‚
964 4063 1040 4127 dum
1065 4077 1170 4128 tamen
1186 4064 1245 4127 hoc
1267 4062 1357 4149 quod

405 4177 559 4249 expetunt
576 4164 705 4230 faciant.
750 4168 891 4251 Egregie
913 4164 1043 4250 quidem
1060 4165 1207 4231 Caecilius
1224 4163 1356 4237 Balbus,

407 4265 593 4352 Imperator,
611 4267 725 4352 inquit,
740 4272 897 4353 Auguste,
913 4280 981 4331 tum
998 4269 1030 4330 in
1047 4267 1167 4343 multis,
1184 4278 1253 4329 tum
1268 4265 1301 4328 in
1317 4288 1355 4329 eo
