3384 5234
390 668 452 727 278
659 682 794 727 rosnms
810 682 1090 727 saansonnrmrsrs
1210 668 1294 748 [cm.
1311 688 1342 735 v.

391 834 449 897 tibi
466 846 592 896 anctore
610 833 757 909 Domino,
774 856 831 896 suo
845 837 915 896 loco
935 848 967 897 et
983 847 1125 918 tempore
1141 857 1242 921 quum
1259 862 1343 924 proe.

390 936 521 1020 ceperis,
538 933 725 1018 explanabo,
746 933 897 1019 adjiciens
918 934 1188 1013 indumentorum,
1209 951 1242 1003 et
1262 964 1343 1026 quo-

390 1036 525 1101 rundam
552 1047 815 1099 sacramentorum
844 1034 1096 1119 significationes.
1144 1037 1208 1102 Hic
1232 1054 1340 1106 autem

388 1142 481 1223 plane
496 1137 586 1201 nulla
601 1148 648 1200 est
670 1136 781 1223 populi
804 1136 999 1210 acclamatio,
1015 1137 1104 1201 nulla
1118 1143 1341 1227 consanguini-

388 1238 462 1305 tatis
484 1238 577 1314 ratio,
598 1237 686 1302 nulla
708 1236 958 1324 propinquitatis
979 1237 1090 1303 habita
1112 1242 1340 1328 contemplatio

387 1354 445 1406 est.
491 1345 624 1406 Mortuo
647 1339 808 1425 Salphaat,
822 1338 897 1402 filiae
911 1350 1075 1424 paternam
1091 1340 1179 1426 apud
1201 1345 1338 1428 Moysen

386 1444 556 1509 vendicant
585 1442 804 1506 hereditatem.
859 1440 1047 1505 Petitionem
1077 1463 1186 1506 earum
1214 1446 1337 1529 justam

385 1570 462 1622 esse,
479 1549 570 1610 Deus
592 1546 659 1631 ipse
681 1557 826 1609 testatur.
871 1543 1063 1629 Propinquis
1084 1566 1223 1632 namque
1245 1570 1338 1634 agro-

384 1672 468 1724 rum,
484 1659 515 1712 et
537 1646 729 1734 praediorum
752 1643 922 1710 hareditas
945 1644 1155 1731 relinquenda
1176 1661 1235 1726 est,
1251 1661 1283 1714 et
1301 1664 1337 1717 ut

383 1751 559 1837 plurimum
585 1748 756 1814 actionum.
812 1747 1011 1814 Gubernatio
1037 1771 1112 1811 vero
1137 1750 1260 1836 populi,
1287 1752 1336 1817 illi

383 1852 538 1918 tradenda
552 1864 610 1928 est,
626 1874 722 1937 quem
738 1854 828 1916 Deus
843 1850 985 1935 elegerit,
997 1850 1117 1913 bomini
1133 1851 1250 1918 scilicet
1266 1855 1333 1931 tali,

382 1956 439 2040 qui
462 1955 557 2018 babet
582 1953 738 2040 Spiritum
763 1953 826 2018 Dei
851 1952 882 2016 in
906 1975 950 2027 se,
974 1965 1006 2015 et
1028 1965 1189 2039 praecepta
1213 1954 1274 2018 Dei
1300 1960 1333 2021 in

381 2063 552 2137 conspectu
578 2051 647 2135 ejus
672 2061 757 2126 sunt,
782 2049 839 2133 qui
865 2051 973 2136 Moysi
997 2049 1089 2115 valde
1115 2066 1211 2118 notus
1233 2054 1273 2120 eit
1299 2072 1332 2123 et

379 2152 553 2233 familiaris,
568 2151 599 2214 id
621 2164 680 2229 est,
694 2155 727 2215 in
748 2174 813 2236 quo
836 2152 877 2215 sit
898 2151 1025 2216 claritas
1048 2152 1127 2239 legis
1141 2168 1172 2221 et
1191 2155 1333 2240 scientia,

379 2267 415 2320 ut
432 2253 552 2340 possint
568 2275 642 2328 eum
658 2252 768 2316 audire
783 2253 839 2316 filii
854 2254 964 2320 Israel.
999 2259 1068 2320 Nec
1083 2268 1188 2321 tamen
1204 2256 1328 2325 licitum

378 2368 426 2421 est
446 2358 553 2419 farore
575 2377 740 2430 novorum,
762 2356 907 2419 recedere
926 2379 946 2419 a
965 2357 1120 2440 sanguine
1137 2359 1330 2445 principum,

378 2458 497 2547 quibus
511 2457 678 2544 privilegio
693 2458 811 2524 divinae
831 2458 1057 2545 promissionis,
1073 2471 1105 2524 et
1114 2461 1190 2546 jure
1203 2464 1331 2546 generis

377 2563 514 2629 debetur
526 2560 680 2625 successio
691 2560 873 2642 liberorum,
886 2562 912 2625 si
925 2574 1029 2625 tamen
1044 2562 1093 2640 (ut
1104 2563 1328 2649 praescriptum

376 2670 439 2752 est)
456 2665 687 2730 ambulaverint
709 2665 741 2729 in
761 2664 896 2751 justitiis
912 2666 1055 2731 Domini.
1072 2710 1076 2716 -
1102 2666 1135 2730 Si
1151 2687 1226 2730 vero
1240 2688 1259 2731 a
1275 2669 1328 2733 via

374 2769 536 2857 paulisper
557 2767 754 2845 deflexerint,
778 2787 839 2829 non
864 2765 970 2830 statim
994 2789 1225 2856 usquequaque
1246 2769 1327 2856 deji-

374 2873 516 2950 ciuntur,
530 2870 584 2933 sed
608 2870 764 2954 patienter
786 2868 1005 2954 corripiuntur
1024 2868 1056 2931 in
1072 2869 1212 2954 justitia,
1226 2870 1327 2939 donec

373 2975 428 3038 fiat
445 2972 650 3057 conspicuum
665 2994 718 3035 eos
740 2970 918 3057 pertinaces
938 2992 1005 3033 esse
1019 2971 1052 3034 in
1071 2972 1164 3036 malo.
1211 2976 1326 3059 Neque

373 3075 455 3139 enim
479 3074 623 3138 Roboam
645 3075 751 3137 statim
774 3093 923 3136 excussus
946 3085 994 3136 est
1010 3095 1028 3135 a
1043 3072 1122 3137 solio
1143 3074 1252 3159 patris,
1269 3078 1325 3143 sed

372 3202 411 3242 ex
434 3201 499 3264 quo
521 3177 678 3240 seniorum
704 3186 888 3259 contempto
913 3174 1053 3254 consilio,
1075 3175 1203 3241 recessit
1228 3200 1247 3241 a
1272 3179 1326 3243 via

372 3279 558 3355 Salomonis,
584 3301 665 3341 onus
693 3276 896 3362 importabile
926 3277 1034 3341 volens
1063 3278 1225 3364 imponere
1250 3279 1325 3346 liliis

373 3384 482 3450 lsrael.
505 3388 730 3449 Verumtamen
742 3378 871 3443 scissum
882 3391 929 3443 est
940 3403 1071 3465 regnum
1084 3381 1165 3468 ejus,
1176 3381 1323 3448 receden-

370 3488 457 3553 tibus
479 3485 585 3549 decern
608 3481 757 3549 tribubus
776 3492 849 3566 post
873 3481 1067 3547 Hieroboam
1090 3506 1216 3549 servum
1234 3484 1322 3549 Salo-

369 3590 481 3664 monis,
496 3590 690 3672 iueruntque
706 3607 803 3669 regna
824 3583 936 3660 divisa,
953 3585 1030 3650 dum
1052 3609 1186 3671 regnum
1206 3587 1320 3652 habuit

369 3693 392 3753 J
395 3689 459 3754 uda
474 3690 523 3751 vel
541 3687 649 3752 lsrael.
697 3686 800 3751 Sensit
821 3709 897 3771 ergo
912 3688 954 3751 de
968 3688 1166 3752 contumacia
1181 3709 1320 3769 poenam,

368 3793 408 3857 de
428 3790 532 3876 gratia
552 3787 614 3851 Dei
634 3800 666 3850 et
686 3787 852 3873 privilegio
874 3791 1038 3873 sanguinis
1060 3785 1318 3862 misericordiam,

366 3909 400 3962 ut
418 3916 474 3959 rex
495 3889 624 3977 quidem
648 3902 800 3967 maneret,
816 3890 871 3953 sed
891 3911 1006 3974 magna
1026 3888 1113 3972 regni
1135 3898 1226 3973 parte
1249 3910 1317 3953 mn-

365 3998 486 4064 tilatus.
537 3992 634 4056 Unde
663 3992 722 4056 hoc
752 3991 823 4055 illi?
861 3992 945 4069 Quia
970 3990 1145 4053 adbaeserat
1176 3987 1317 4055 consiliis

361 4105 530 4189 juvenum,
557 4109 759 4161 contemnens
785 4094 851 4157 vias
876 4105 908 4157 et
934 4104 1098 4178 praecepta
1121 4090 1312 4177 prudentiae.

365 4199 564 4291 Impossibile
588 4198 669 4263 enim
694 4209 753 4273 est,
777 4208 814 4260 ut
839 4193 1006 4259 salubriter
1028 4192 1176 4279 disponat
1198 4194 1314 4279 princi-

362 4319 486 4393 patum,
501 4302 556 4389 qui
572 4323 634 4366 non
651 4300 717 4385 agit
732 4296 864 4361 consilio
879 4296 1069 4380 sapientum.
1109 4298 1177 4376 Vae,
1192 4297 1312 4383 inquit,
