3384 5234
370 668 412 727 50
630 681 765 725 roamus
782 681 1059 727 saansaamausrs
1199 665 1282 743 [mu.
1299 681 1320 725 1.

372 830 480 895 umboe
502 830 699 915 gradientes,
722 832 800 896 dum
825 846 931 900 tamen
957 833 991 897 in
1017 845 1111 918 pastu
1138 833 1324 898 itinerantes

370 931 564 1018 praecedant.

590 1179 669 1262 Cap.
690 1184 738 1243 13.
761 1178 814 1241 Da
828 1180 929 1242 varaia
943 1180 1100 1244 omnibus.

413 1327 454 1393 Iu
469 1326 705 1414 expeditionem
720 1327 835 1392 missus
852 1327 975 1390 Consul
996 1328 1227 1409 Romanorum,
1240 1327 1320 1392 dum

370 1427 491 1493 nullius
515 1430 591 1495 boni
616 1429 730 1495 ominis
751 1430 919 1496 sortiretur
945 1430 1135 1516 auspicium,
1157 1431 1320 1495 columbas

365 1530 491 1620 jejunio
512 1534 682 1615 coniectas,
703 1536 810 1619 grauis
832 1532 949 1618 sparsis
970 1533 1102 1599 triticeis
1124 1534 1155 1597 in
1178 1534 1231 1598 via
1255 1556 1320 1619 qua

368 1638 476 1701 iturus
489 1648 569 1713 erat,
584 1635 727 1722 praeferri
745 1635 853 1722 jussit,
868 1646 905 1699 ut
924 1636 973 1699 vel
994 1658 1103 1700 earum
1124 1636 1229 1702 omine
1247 1656 1319 1699 aus-

367 1736 442 1822 picii
465 1736 615 1804 duritiam
638 1738 828 1803 sublevaret.
874 1741 956 1812 Quae
979 1762 1079 1825 quum
1099 1739 1319 1824 diligentiusa

368 1840 447 1905 cibis
462 1842 666 1920 abstinerent,
680 1863 733 1905 eas
747 1840 940 1927 praecipitari
952 1842 1051 1927 jussit
1066 1841 1099 1904 in
1119 1840 1264 1917 fluvium,
1281 1854 1318 1906 ut
1355 1829 1358 1834 ’

368 1945 478 2006 saltem
494 1944 657 2008 biberent:
681 1944 917 2028 submersaeque
931 1943 964 2006 in
983 1941 1126 2019 flumine,
1141 1943 1319 2008 docuerunt

368 2042 539 2109 Consulem
555 2067 627 2109 cum
644 2044 785 2111 exercitu
801 2044 1082 2130 submergendum.
1122 2042 1186 2107 Hic
1202 2048 1317 2108 etenim

369 2160 523 2231 sequutus
545 2162 591 2213 est
615 2163 758 2214 eventus.
803 2152 889 2235 Apes
911 2147 1054 2214 Platonis
1076 2146 1225 2210 infantuli
1256 2145 1317 2209 mel

368 2247 458 2314 labiis
480 2249 669 2329 inferebant,
689 2250 883 2335 singularem
904 2248 1104 2313 dulcedinem
1129 2247 1317 2332 eloquentiae

367 2352 435 2437 ejus
459 2352 603 2417 futuram
629 2353 866 2438 praesignantes.
913 2352 1014 2416 Hiero
1040 2374 1183 2415 summus
1206 2364 1319 2436 postea

370 2451 484 2517 Siciliae
504 2454 721 2538 magistratus,
738 2452 825 2539 quod
845 2452 966 2517 virtute
985 2452 1206 2538 promeruit,a
1225 2465 1317 2537 patre

366 2552 561 2618 nobilissimo
588 2554 656 2618 viro
684 2554 849 2640 expositus
874 2564 933 2630 est,
961 2578 999 2617 eo
1025 2553 1110 2639 quod
1137 2577 1177 2618 ex
1204 2554 1319 2619 ancilla

366 2664 531 2741 susceptus
566 2655 883 2719 dehonestamentum
918 2654 1043 2738 generis
1077 2653 1255 2730 videbatur,
1286 2668 1318 2720 et

367 2757 457 2842 quasi
472 2760 624 2843 probrosa
633 2757 709 2821 clari
722 2755 884 2841 sanguinis
897 2756 1030 2821 macula.
1068 2755 1131 2821 Sed
1147 2756 1317 2843 parvulum

367 2871 399 2923 et
424 2858 619 2945 indigentem
643 2858 712 2945 opis
738 2859 886 2924 humanae
912 2880 987 2944 apes
1012 2858 1194 2922 circaeam
1225 2860 1318 2924 melle

367 2973 529 3045 congesto,
540 2961 685 3048 plurimis
697 2961 804 3027 aluere
819 2961 952 3025 diebus:
976 2973 1007 3026 et
1024 2962 1067 3025 sic
1083 2961 1215 3027 consilio
1230 2985 1317 3027 arus·

365 3062 472 3147 picum
487 3063 516 3126 ei
532 3084 665 3148 regnum
679 3060 826 3147 portendi
837 3063 1033 3139 canentium,
1046 3086 1065 3127 a
1079 3076 1169 3149 patre
1178 3063 1317 3150 agnitus,

366 3165 560 3242 recollectus,
573 3178 605 3230 et
616 3165 785 3250 diligenter
800 3164 966 3240 institutus
977 3178 1033 3229 est.
1071 3166 1202 3229 Parvuli
1216 3167 1317 3231 Midae

363 3266 530 3331 cunabulis
551 3267 691 3330 sormicae
713 3288 812 3351 grana
833 3266 930 3330 tritici
949 3266 1172 3348 congerebant,
1196 3266 1315 3351 signib-

366 3382 473 3435 cantes
487 3392 558 3435 eum
574 3369 719 3433 futurum
737 3367 940 3432 ditissimum.
980 3366 1077 3430 Unde
1091 3379 1123 3431 et
1139 3389 1189 3430 res
1203 3390 1316 3432 aureas

366 3469 466 3555 ipsius
475 3483 597 3535 attactu
609 3469 677 3532 fieri
689 3467 972 3555 poetaefinxerunt.
1007 3466 1146 3553 Sulpitio
1160 3470 1316 3535 sacerdoti

366 3567 475 3654 lapsus
490 3595 571 3657 apex
582 3572 623 3636 de
633 3570 747 3655 capite,
758 3567 967 3633 sacerdotium
980 3568 1123 3633 abstulit.
1157 3571 1316 3636 Occentus

367 3670 474 3735 soricis
504 3673 631 3738 auditus
662 3673 710 3736 M.
738 3671 840 3736 Fabio
869 3670 1102 3756 praefecturam.
1158 3673 1192 3735 Si
1221 3672 1318 3758 nugis

367 3772 469 3836 iberis
493 3797 550 3857 per
564 3774 670 3839 omnia
692 3772 803 3850 credis,
820 3774 845 3837 si
863 3786 979 3837 vestem
996 3772 1028 3836 in
1042 3772 1146 3859 operis
1161 3776 1211 3838 tui
1226 3774 1317 3839 initio

366 3896 385 3937 a
409 3874 561 3939 soricibus
582 3898 740 3941 corrosam
768 3879 912 3957 senseris,
933 3890 1075 3963 tempera
1095 3877 1137 3941 ab
1159 3876 1316 3964 iucoeptis.

366 3974 398 4037 Si
417 3975 582 4059 egrediens
604 3976 699 4039 limen
724 3975 905 4054 calcaveriS,
928 3990 984 4043 aut
1007 3978 1039 4041 in
1064 3976 1115 4041 via
1135 3977 1315 4053 offenderis,

364 4075 477 4161 pedem
500 4075 634 4139 contine.
682 4078 715 4139 Si
738 4077 768 4139 in
790 4078 955 4163 procinctu
978 4079 1173 4163 agendorum
1193 4076 1316 4161 aliquid

365 4177 472 4240 damni
488 4176 667 4262 pertuleris,
683 4178 810 4243 differes
828 4179 986 4254 inchoata,
1002 4201 1041 4241 ue
1057 4182 1107 4241 vel
1127 4190 1196 4241 tota
1215 4178 1315 4241 inten-

367 4282 451 4343 tione
476 4277 650 4353 frustreriS,
667 4291 730 4342 aut
755 4278 911 4344 inutiliter
932 4277 1113 4361 impleatur.
1156 4281 1317 4365 Expecta,
