3384 5234
334 676 355 733 8
594 690 730 736 noenius
745 691 1025 739 scansusmnusrs

333 848 424 908 Inter
439 840 655 926 multiloquos,
671 852 705 906 et
719 842 853 926 grandia
867 843 964 907 rerba
979 854 1133 924 serentes,

378 942 457 1007 Esto
471 942 678 1030 tardiloquus,
694 958 828 1031 estoque
844 968 947 1031 pauca
960 946 1103 1033 loquens.

335 1046 424 1110 Dum
439 1045 564 1131 linguas
579 1057 698 1111 acuunt
712 1046 776 1125 alii,
793 1047 852 1111 tibi
868 1048 982 1113 calleat
996 1048 1091 1127 auris,

378 1148 422 1213 Et
437 1148 478 1212 sit
493 1148 643 1214 Dulichio
659 1149 780 1234 remige
795 1149 891 1214 surda
907 1151 1017 1235 magis.

335 1256 406 1317 Nec
420 1262 547 1315 tantum
561 1250 666 1317 valeat
680 1252 850 1316 temeraria
864 1251 974 1336 lingua
988 1253 1157 1339 loquentis,

379 1352 521 1417 Pectoris
536 1364 573 1416 ut
587 1353 687 1437 possit
702 1375 850 1439 rumpere
865 1353 1001 1418 claustra
1015 1355 1072 1420 tui.

336 1452 370 1517 Si
386 1454 509 1539 patiens
524 1454 630 1535 lucris,
645 1477 811 1542 nunquam
826 1455 886 1519 tibi
902 1456 998 1521 rerba
1013 1456 1188 1533 nocebunt,

377 1558 601 1645 Turbatorque
618 1569 683 1621 tuae
698 1580 793 1623 nemo
809 1558 925 1645 quietis
939 1559 1010 1625 erit.

334 1658 485 1727 Excutiet
500 1684 623 1747 pacem,
639 1684 735 1747 quam
750 1662 806 1725 dat
821 1662 985 1746 patientia,
1002 1662 1130 1737 nullus;

378 1760 426 1824 Sit
439 1760 516 1825 licet
530 1759 677 1834 exermis,
694 1760 828 1824 conterit
843 1783 932 1825 arma
947 1774 1067 1828 tamen.

335 1865 479 1927 Utantur
492 1861 619 1947 linguis,
634 1872 671 1926 tu
687 1862 805 1927 viribus
820 1874 911 1927 utere
927 1865 1056 1944 mentis,

380 1965 415 2029 Si
430 1963 531 2049 sapisr
551 1987 570 2029 a
584 1963 701 2047 linguis
715 1964 816 2048 gloria
830 1987 948 2048 magna
962 1966 1061 2031 venit.

336 2067 422 2131 Nam
437 2088 511 2152 quae
526 2066 567 2130 sit
580 2066 724 2130 doctriua
739 2067 808 2149 viri,
823 2066 978 2152 patientia
992 2078 1156 2144 monstrat,

378 2168 572 2255 lmbelliquo
586 2191 685 2233 manu
699 2169 784 2233 bella
800 2169 939 2234 nefanda
953 2171 1079 2255 premit.

337 2270 419 2345 Quis
432 2270 512 2335 feret
528 2282 695 2348 armatam,
712 2294 785 2357 quae
800 2271 867 2335 sola
882 2272 1057 2357 triumphat
1072 2270 1214 2352 inermis,

378 2378 612 2459 Armatamque
628 2396 759 2437 manum
776 2374 903 2438 vincere
918 2374 984 2439 sola
999 2373 1102 2439 solet?

334 2475 395 2539 Vir
409 2475 533 2561 patiens
546 2475 619 2539 forti
635 2476 766 2551 melior;
789 2476 895 2539 minor
909 2498 977 2541 esse
992 2477 1173 2563 triumphus

379 2577 489 2659 Urbis,
504 2599 601 2663 quam
617 2578 733 2643 mentis
748 2578 874 2656 dicitur,
891 2592 1002 2665 estque
1018 2580 1130 2646 minor.

339 2681 461 2767 Sperne
476 2688 586 2757 malos,
603 2704 753 2747 venerare
770 2682 880 2763 bonos,
895 2682 1022 2767 ignosce
1038 2682 1157 2747 volenti

380 2784 526 2859 Laedere,
543 2783 631 2848 nulla
646 2784 738 2847 bonis
752 2784 831 2848 ultio
845 2797 936 2867 grata
950 2786 1061 2869 magis.

337 2886 435 2952 Nulla
450 2886 552 2951 virum
564 2886 678 2950 fortem
693 2886 834 2951 vindicta
847 2887 950 2971 magis
964 2883 1057 2951 dec'et
1071 2888 1143 2966 ista,

379 2990 581 3076 Principibus
596 3013 723 3076 semper
736 2990 834 3055 debet
850 2990 959 3055 adesse
975 2990 1059 3056 viris.

337 3095 375 3159 ln
392 3115 527 3180 quorum
545 3093 692 3158 manibus
707 3093 760 3157 lex
775 3094 801 3158 si
816 3094 902 3178 viget
918 3093 1029 3179 ignea3
1053 3096 1157 3181 punit,

379 3198 467 3261 Dum
484 3196 631 3260 miseret:
657 3197 735 3260 fidos
749 3198 827 3261 dum
844 3198 933 3283 cupit
949 3220 1027 3278 esse,
1042 3197 1127 3261 iacit.

336 3305 492 3371 Provocat
507 3299 547 3361 ad
562 3298 695 3378 facinus,
710 3298 786 3360 dum
803 3298 894 3360 saevit
909 3297 1018 3383 iniqua
1033 3310 1180 3379 potestas,

379 3406 424 3466 Et
438 3400 498 3464 sibi
513 3397 672 3481 subjectos
688 3418 752 3459 nou
768 3396 842 3459 sinit
858 3419 925 3460 esse
942 3397 1019 3480 pios.

336 3507 442 3569 Nemo
456 3502 559 3564 sciens
573 3497 664 3564 illum
679 3496 779 3574 laedit,
795 3519 892 3581 quem
908 3497 1009 3561 credit
1023 3497 1160 3561 amicum
1173 3524 1182 3573 ;

381 3599 509 3687 Regula
523 3599 588 3664 fida
603 3598 715 3665 nimis:
739 3598 883 3686 quisquis
898 3599 1064 3673 amandus,
1081 3611 1177 3664 amet.

338 3707 421 3772 Haec
435 3702 602 3768 hominum
618 3702 776 3787 disjuncta
790 3701 871 3766 solet
886 3702 1079 3786 conjungere
1095 3702 1201 3784 corda,

382 3809 447 3872 lsta
461 3816 566 3892 potest
580 3805 743 3869 hominem
760 3804 929 3870 conciliare
945 3805 1027 3870 Deo.

337 3914 410 3976 Hac
425 3909 507 3972 duce
523 3930 616 3992 carpe
634 3907 727 3984 viam,
742 3906 900 3991 gradienti
916 3928 1011 3971 nemo
1026 3908 1164 3984 nocebit,

379 4011 424 4077 Et
438 4009 555 4097 poteris
569 4020 699 4073 cunctas
714 4021 801 4073 tutus
815 4007 896 4072 inire
912 4031 1033 4074 manus.

336 4114 396 4189 llla
410 4125 519 4177 tamen
535 4112 709 4175 metuenda
723 4132 846 4185 manus,
863 4133 938 4197 quae
953 4122 1069 4175 tractat
1083 4110 1209 4197 iniquas

378 4199 507 4289 Sordes,
524 4235 620 4299 quam
638 4212 800 4276 maculant
815 4234 880 4275 aera
895 4212 998 4276 colore
1014 4233 1080 4277 suo.

337 4322 410 4385 Non
427 4315 502 4402 quia
517 4315 679 4400 polluitur,
695 4326 728 4378 et
744 4314 868 4399 polluit,
885 4325 934 4378 est
948 4313 1099 4397 fugienda
