3384 5234
404 695 446 756 tt
593 703 805 749 ›roannrs
821 699 1098 747 sanusnamnusrs
1232 679 1314 753 [arn.
1332 697 1355 740 r.

401 854 527 919 inimica
544 852 585 920 sit
603 855 727 928 anima,
743 864 775 915 et
795 852 836 916 de
856 848 1018 914 domicilio
1036 848 1106 934 ejus
1125 846 1231 910 omnia
1246 845 1351 912 studia

400 955 528 1022 virtutis
543 955 693 1019 eliminet.
732 952 858 1018 Clamat
873 950 1020 1028 Ethicus,
1296 962 1297 965 ’

506 1088 598 1141 Cernis
608 1094 639 1142 ut
650 1089 773 1155 ignavum
784 1090 947 1156 corrumpant
959 1084 1012 1136 otia
1024 1098 1122 1153 corpus,

541 1174 577 1225 Et
589 1174 692 1245 capiant
703 1171 802 1235 vitium,
813 1171 841 1221 ni
853 1174 1013 1231 moveantur,
1025 1169 1116 1235 aquae?

400 1290 518 1369 Quod?
540 1290 656 1377 inquis.
694 1288 794 1353 Audi.
833 1264 946 1362 Disoes
961 1288 987 1350 si¹
1002 1285 1103 1350 eidem
1119 1283 1297 1350 credideris.

504 1422 634 1493 Quaeritur
645 1420 783 1488 AEgisthus
794 1436 873 1488 quare
883 1419 918 1470 sit
927 1416 1011 1471 factus
1022 1416 1133 1481 adulter,

540 1508 628 1561 Causa
640 1511 680 1559 est
691 1508 718 1559 in
729 1512 856 1586 promptu,
868 1504 1012 1557 desidiosus
1023 1507 1088 1557 erat.

399 1625 620 1693 Literatiesimi
646 1649 721 1709 ergo
748 1625 807 1689 riri
833 1623 997 1688 consilium
1024 1635 1091 1694 est;
1127 1635 1164 1688 ut
1190 1621 1290 1686 hostis
1316 1633 1349 1686 te>

399 1751 521 1814 semper
540 1728 680 1792 inveniat
699 1738 904 1811 occupatum,
920 1746 985 1808 quo
1008 1724 1102 1787 variis
1117 1723 1347 1792 tentationibus

398 1831 477 1915 ejus,
506 1829 749 1913 occupationum
786 1837 913 1890 tuarum
944 1823 1073 1909 clypeos
1103 1838 1166 1886 tam
1202 1823 1350 1898 feliciter,¹

398 1952 493 2019 quam
508 1925 683 2015 prudenter
698 1946 849 2011 opponas.

536 2057 654 2111 Vitanda
665 2062 714 2122 est,
727 2056 810 2123 inquit
822 2055 940 2119 Ethicus,
952 2055 1068 2125 improba
1081 2056 1155 2114 Siren

501 2142 623 2200 Desidia,

396 2266 439 2328 At
465 2283 534 2325 eam
561 2260 675 2325 nostris
705 2274 878 2347 prorogant
908 2260 1084 2328 histriones.
1128 2260 1345 2344 Exoccupatis

395 2360 509 2428 etenim
531 2362 691 2425 mentibus
706 2375 877 2447 surrepunt
899 2362 1005 2439 todia,
1022 2383 1150 2447 seseque
1170 2383 1233 2424 non
1249 2359 1343 2424 susti·

394 2473 516 2540 nerent,
531 2460 556 2525 si
571 2484 632 2525 non
648 2461 784 2546 alicujus
800 2460 975 2547 voluptatis
994 2461 1104 2526 solatio
1119 2460 1344 2524 mulcerentur.

395 2562 542 2627 Admissa
569 2575 644 2627 sunt
673 2584 749 2648 ergo
773 2563 952 2649 spectacula
976 2576 1008 2627 et
1036 2562 1160 2628 infinita
1189 2559 1344 2647 tyrocinia

394 2664 556 2757 vanitatis,
585 2663 705 2749 quibus
738 2662 795 2750 qui
824 2664 953 2728 omnino
985 2665 1078 2729 otiari
1107 2687 1169 2728 non
1200 2674 1342 2749 possunt,

393 2764 598 2856 perniciosius
620 2779 826 2852 occupentur.
866 2766 972 2830 Satius
995 2770 1078 2830 enim
1104 2766 1209 2829 suerat
1235 2763 1342 2846 otiari,

394 2889 488 2950 quam
503 2866 638 2953 turpiter
649 2867 808 2953 occupari.
841 2867 927 2931 Hinc
939 2867 1036 2943 mimi,
1048 2866 1130 2946 salii,
1141 2865 1191 2929 vel
1202 2865 1342 2944 saliareS,

391 2966 582 3049 balatrones,
593 2968 751 3047 aemiliani,
765 2968 970 3051 gladiatores,
979 2968 1172 3054 palaestritae‚
1187 2967 1342 3053 gignadii,

393 3069 651 3155 praestigiatores
666 3068 798 3133 malefici
817 3092 947 3155 quoque
966 3070 1071 3147 multi,
1087 3083 1119 3134 et
1135 3083 1204 3135 tota
1219 3069 1341 3155 jocula-

392 3182 497 3233 torum
514 3191 607 3234 scena
624 3169 777 3255 procedit.
818 3172 961 3248 Quorum
986 3171 1065 3234 adeo
1087 3193 1174 3235 error
1193 3169 1342 3254 invaluit,

393 3281 429 3332 ut
452 3292 471 3331 a
486 3270 646 3355 praeclaris
667 3269 816 3333 domibus
829 3293 891 3333 non
909 3284 1086 3347 arceantur,
1104 3270 1198 3334 etiam
1221 3270 1267 3334 illi
1282 3275 1339 3357 qui

391 3369 535 3433 obscenis
554 3369 700 3453 partibus
717 3373 869 3454 corporis,
883 3369 983 3439 oculis
1001 3374 1141 3438 omnium
1163 3396 1231 3435 eam
1252 3372 1339 3456 inge-

390 3484 466 3535 runt
477 3469 721 3554 turpitudinem,
730 3492 825 3558 quam
836 3472 1000 3539 erubescat
1012 3474 1118 3546 videre
1128 3474 1176 3538 vel
1187 3475 1338 3559 Cynicus.¹

391 3569 552 3653 Quodque
571 3570 672 3653 magis
693 3572 816 3652 mirere,
832 3594 890 3635 nec
913 3586 989 3638 tunc
1009 3576 1190 3661 ejiciuntur,
1208 3574 1337 3659 quando

390 3669 624 3735 tumultuantes
638 3672 770 3736 iuferius
785 3674 896 3737 crebro
916 3675 1020 3741 sonitu
1036 3698 1138 3744 aerem
1154 3674 1288 3750 foedaut,
1304 3686 1336 3737 et

389 3771 528 3857 turpiter
552 3770 723 3851 inclusum,
747 3774 874 3861 turpius
896 3775 1047 3861 produnt.
1094 3774 1250 3859 Nunquid
1278 3774 1336 3838 tibi

389 3872 517 3937 videtur
533 3872 665 3957 sapiens,
680 3876 737 3961 qui
759 3875 879 3952 oculos,
895 3877 945 3940 vel
965 3901 1056 3943 aures
1070 3877 1139 3943 istis
1158 3875 1335 3960 expandit?

389 3973 471 4047 Quis
483 3986 586 4037 tamen
599 3974 733 4041 libenter
745 4000 806 4041 non
819 3978 926 4043 videat
937 3994 969 4044 et
979 3979 1091 4057 rideat,
1103 3999 1200 4063 quum
1213 3976 1338 4061 praesti,

332 4076 337 4091 “
388 4070 518 4155 giatoris
529 4072 606 4136 lotio
616 4075 737 4159 perfusi
749 4098 800 4140 ars
811 4076 946 4153 deletur,
958 4089 990 4141 et
1001 4076 1111 4151 oculis,
1121 4097 1202 4160 quos
1214 4074 1335 4139 malitia

389 4195 446 4238 sua
471 4175 720 4259 praestrinxerat,
746 4176 874 4241 videndi
900 4176 1035 4241 facultas
1058 4179 1245 4262 reparatur?
1275 4181 1337 4242 Ju-

388 4274 527 4339 cundum
544 4275 671 4359 quidem
689 4290 746 4354 cst,
763 4289 793 4341 ct
809 4279 849 4342 ab
864 4278 995 4340 honesto
1012 4299 1072 4341 non
1088 4277 1217 4359 recedit,
1229 4278 1333 4344 virum
