3384 5234
365 684 402 743 lu
623 699 757 743 soauurs
773 695 1051 742 saansaanruusrs
1190 675 1272 755 [um.
1290 696 1313 738 r.

367 862 441 913 sunt
470 849 660 913 dubitabilia
688 851 836 934 sapienti,
867 850 907 912 ab
937 869 1046 911 eorum
1075 846 1219 928 vestigiis
1249 867 1314 908 non

365 952 490 1016 recedo.
535 950 629 1016 Licet
644 952 729 1015 enirn
746 962 835 1016 secta
857 952 927 1014 brec
942 949 1089 1012 tenebras
1103 949 1199 1012 rebus
1214 948 1318 1009 omni·

365 1055 427 1117 bus
458 1052 600 1118 videatur
627 1054 790 1131 inducere,
819 1053 908 1115 nulla
937 1050 1059 1114 veritati
1091 1048 1316 1112 examinandae

366 1154 501 1231 fidelior,
516 1163 558 1232 et,
573 1164 701 1217 auctore
718 1154 885 1229 Cicerone,
895 1151 950 1236 qui
966 1150 1007 1214 ad
1021 1170 1090 1212 eam
1105 1150 1137 1211 in
1153 1156 1317 1212 senectute

368 1256 504 1334 divertit,
519 1258 608 1319 nulla
630 1254 787 1338 profectui
808 1252 994 1316 familiarior
1007 1260 1064 1314 est.
1112 1250 1152 1313 In
1175 1250 1226 1313 his
1240 1270 1318 1330 ergo

369 1379 441 1441 quae
464 1356 642 1419 incidenter
668 1356 707 1419 de
729 1354 942 1439 providentia,
963 1362 996 1415 et
1020 1353 1098 1427 fato,
1121 1363 1153 1415 et
1173 1351 1319 1413 libertate

369 1459 500 1529 arbitrii,
529 1467 561 1521 et
591 1459 749 1521 similibus
779 1454 867 1520 dicta
895 1465 980 1533 sunt,
1009 1475 1060 1516 me
1089 1451 1319 1517 Academicum

369 1561 477 1641 potius
502 1582 573 1623 esse
598 1562 736 1639 noveris,
760 1579 857 1642 quam
882 1579 990 1621 eorum
1017 1578 1089 1638 quae
1112 1554 1210 1618 dubia
1235 1564 1320 1631 sunt,

369 1660 570 1723 temerarium
587 1669 785 1723 assertorem.
830 1659 1064 1741 Scripturarum
1087 1678 1217 1740 quoque
1231 1656 1321 1718 testi·

371 1760 498 1834 moniis,
515 1758 556 1821 ad
576 1758 779 1821 commodum
794 1756 1004 1840 explanandae
1027 1758 1204 1835 sententia,
1219 1778 1321 1841 quan·

373 1860 478 1944 doque
492 1880 568 1923 usus
584 1881 674 1935 sum;
702 1860 747 1921 ita
769 1868 887 1935 tamen,
901 1870 937 1920 ut
952 1856 1030 1919 nibil
1047 1856 1135 1933 fidei,
1151 1869 1206 1920 aut
1226 1858 1321 1921 bouis

373 1961 515 2023 moribus
531 1961 712 2022 inveniatur
733 1958 920 2035 adversum3
951 1980 989 2020 ac
1013 1957 1040 2019 si
1062 1957 1234 2020 sententias
1257 1967 1323 2020 tam

373 2061 555 2136 modernas,
570 2082 666 2144 quam
680 2069 811 2134 veteres,
828 2059 939 2123 eadem
957 2056 1229 2122 incommutabilis
1244 2059 1324 2119 veri·

375 2173 425 2227 tas
439 2163 614 2245 genuisset.
659 2160 827 2246 Siquidem

773 2276 852 2331 facies
863 2296 914 2331 non
925 2279 1043 2331 omnibus
1054 2297 1115 2345 una,

481 2364 544 2417 Non
555 2365 656 2417 diversa
667 2369 764 2428 tumen,
776 2363 879 2433 qualem
891 2365 967 2417 decet
978 2343 1035 2417 risse
1045 2382 1168 2418 sororum.

421 2462 538 2526 Omnia
553 2483 625 2524 vero
648 2472 702 2524 tuo
717 2474 916 2524 reservantur
937 2462 1089 2539 examini,
1105 2473 1139 2525 ut
1154 2462 1213 2525 tibi
1228 2462 1329 2547 major

378 2577 410 2629 et
427 2565 543 2649 justior
557 2564 746 2646 corrigendi,
762 2586 858 2648 quam
873 2565 952 2627 mibi
967 2565 1130 2628 scribendi
1149 2565 1249 2645 gloria
1271 2565 1327 2628 de-

379 2669 500 2731 beatur.
548 2667 754 2750 Iuaequalitas
783 2676 887 2730 autem
919 2667 1126 2742 voluminum,
1156 2666 1251 2729 variis
1280 2676 1328 2729 est

380 2768 646 2852 occupationibus
665 2766 888 2845 adscribenda,
904 2768 1023 2850 quibus
1044 2768 1077 2830 in
1100 2769 1186 2831 curia
1203 2768 1249 2832 sic
1265 2767 1329 2830 dis·

381 2881 499 2936 tractus
514 2892 595 2949 sum,
608 2878 645 2931 ut
658 2869 713 2932 rix
730 2867 853 2952 aliquid
875 2869 1012 2931 scribere
1035 2869 1228 2953 quandoque
1248 2869 1329 2932 licu-

380 2974 448 3037 erit.
493 2972 581 3035 Dum
606 2979 712 3035 tamen
738 2972 892 3035 Tolosam
916 2972 1056 3054 cingitis,
1078 2974 1141 3035 ista
1166 2992 1330 3055 aggressus

382 3096 464 3153 sum,
486 3084 518 3137 et
539 3096 590 3138 mc
612 3073 784 3138 curialibus
806 3074 900 3155 nugis
924 3075 1090 3158 paulisper
1112 3075 1229 3151 ademi,
1250 3072 1331 3137 illud

355 3237 361 3249 ,
381 3180 511 3241 volvens
533 3177 566 3239 in
589 3176 706 3253 animo,
723 3177 799 3260 quia
819 3176 924 3241 ocium
947 3177 1016 3241 sine
1038 3178 1150 3241 litteris
1172 3198 1256 3240 mors
1274 3186 1333 3254 est,

383 3290 417 3342 et
437 3279 499 3341 rivi
521 3278 661 3341 hominis
683 3279 853 3361 sepultura.
899 3278 933 3342 Si
955 3279 1027 3363 quis
1041 3280 1170 3360 ignotos
1188 3291 1334 3342 auctores

383 3401 456 3443 cum
467 3376 828 3442 Lanuvioealumniatur
836 3379 1179 3457 autfictos,redirivum
1191 3380 1334 3444 Platonis

384 3479 568 3542 Atiicanum
607 3478 758 3540 Ciceroni
796 3480 1018 3557 somniantem,
1053 3494 1086 3541 et
1118 3479 1334 3562 Philosophus

386 3578 566 3643 Saturnalia
581 3590 774 3655 exercentes,
790 3591 931 3655 accuset,
948 3589 1003 3643 aut
1017 3593 1191 3658 auctorum,
1205 3581 1337 3643 nostris·

387 3702 449 3765 que
464 3679 624 3761 figmentis
637 3664 814 3762 indulgeat,
830 3684 857 3745 si
879 3684 1019 3765 publicae
1035 3684 1174 3747 serviunt
1196 3683 1336 3747 utilitati.

387 3783 543 3845 Praeterea
557 3782 669 3844 lectori
685 3793 717 3846 et
732 3783 869 3847 auditori
884 3796 1003 3867 quanta
1017 3807 1147 3868 possum
1167 3785 1336 3849 devotione

388 3882 547 3965 supplico,
568 3890 604 3944 ut
626 3904 676 3946 me
699 3885 781 3968 patri
804 3886 1091 3949 misericordiarum
1113 3888 1361 3973 commendare·

389 3983 570 4064 dignentur,
584 3987 617 4048 in
634 3985 828 4050 orationibus
843 3987 930 4059 suis3
962 3997 994 4050 et
1009 3988 1164 4052 erratibus
1179 3990 1268 4066 meis,
1284 3988 1338 4072 qui

389 4082 590 4167 multiplicati
616 4095 690 4148 sunt
716 4108 812 4169 super
836 4106 1015 4165 numerum,
1037 4087 1164 4150 veniam
1188 4087 1340 4150 studeant

389 4183 542 4248 obtinere.
588 4187 671 4249 Num
697 4198 730 4250 et
757 4208 818 4268 ego
847 4208 941 4271 spero
970 4210 1021 4252 me
1050 4187 1241 4271 participem
1271 4206 1340 4249 esse

389 4285 531 4370 omnium
544 4287 720 4352 timentium
737 4289 931 4353 Dominum:
949 4301 988 4361 ,et
1002 4289 1099 4353 corde
1113 4299 1145 4351 et
1156 4309 1235 4352 voce
1246 4288 1339 4352 vicis·
