3384 5234
379 715 448 759 cae.
465 697 541 775 xm]
743 710 999 757 potronarrcos.
1273 700 1336 758 259

377 886 499 945 noceas,
517 877 548 929 et
571 887 610 928 ex
635 861 737 928 officio
757 862 964 927 humanitatis
985 862 1153 949 prohibeas
1174 877 1329 930 nocentes.

377 967 484 1044 Quum
495 988 570 1030 vero
579 988 683 1041 noces,
694 964 816 1028 accedis
825 964 866 1028 ad
878 964 921 1051 inj
927 965 1038 1029 uriam.
1061 966 1168 1043 Quum
1180 979 1328 1032 nocentes

375 1087 437 1129 non
459 1066 605 1152 impedis,
628 1064 793 1151 injustitiae
815 1064 987 1130 famularis.
1033 1066 1095 1130 Est
1120 1078 1227 1131 autem
1250 1090 1324 1132 con·

375 1169 515 1241 tumelia,
532 1167 660 1253 quando
683 1180 837 1231 tumorem
862 1168 975 1231 mentis
989 1168 1023 1231 iu
1045 1166 1171 1231 laesione
1193 1168 1325 1235 alterins

375 1271 544 1335 manifesta
558 1268 663 1354 operis
677 1269 805 1355 sequela
818 1269 998 1333 comitatur.
1034 1272 1150 1355 quue
1163 1270 1326 1357 iniquitati

373 1372 481 1451 servit,
506 1371 593 1457 quod
619 1370 652 1435 in
679 1391 763 1451 eum,
785 1371 836 1435 cui
860 1370 1037 1435 reverentia
1060 1392 1120 1457 pro
1145 1372 1325 1437 conditione

373 1472 466 1537 officii
483 1474 533 1537 vel
548 1486 671 1538 uaturae
694 1474 854 1539 consortio
875 1473 1022 1553 debetur,
1036 1471 1207 1537 insolenter
1221 1472 1325 1538 insur-

371 1575 429 1661 git.
461 1575 564 1640 Dolus
576 1588 683 1641 autem
695 1588 742 1640 est
756 1577 802 1656 (ut
814 1574 930 1639 diffinit
943 1573 1107 1659 Aquilius)
1121 1595 1222 1658 quum
1234 1572 1324 1639 aliud

373 1678 492 1762 agitur,
513 1689 545 1741 et
564 1678 651 1741 aliud
674 1677 852 1743 simulatur.
898 1676 1008 1740 Malus
1030 1674 1155 1761 utique,
1179 1675 1324 1762 quotiens

373 1780 409 1844 fit
424 1780 598 1844 intentione
612 1780 755 1845 nocendi.
786 1780 906 1845 Differt
922 1791 1029 1843 autem
1041 1777 1214 1865 plurimum
1231 1777 1325 1842 dolus

372 1903 391 1943 a
407 1880 609 1957 contumelia,
625 1881 775 1966 quoniam
791 1880 860 1945 haec
881 1880 1017 1967 superbe
1033 1891 1064 1943 et
1080 1876 1257 1955 manifesto,
1272 1877 1326 1941 ille

371 1980 593 2046 fraudulenter
614 1995 646 2045 et
669 1981 760 2066 quasi
782 1982 825 2045 ab
844 1980 967 2045 insidiis
989 1993 1089 2045 nocet.
1136 1979 1218 2043 Haec
1240 1992 1325 2060 sunt,

371 2105 445 2169 quae
467 2106 569 2169 quum
588 2085 767 2161 incurrunt,
784 2084 951 2149 cathedras
972 2084 1165 2149 subvertunt
1180 2082 1322 2146 omnium

371 2198 577 2271 potestatum,
597 2187 673 2273 quia
692 2210 711 2251 a
731 2187 896 2252 contrariis
916 2198 1125 2273 perpetuatur
1144 2183 1323 2271 principum

369 2288 480 2374 gloria.
526 2289 630 2355 Dolus
651 2313 789 2375 namque
811 2313 851 2353 ex
874 2288 1055 2355 timiditatis
1076 2287 1214 2371 imagine
1235 2286 1323 2350 iniit·

371 2392 490 2457 mitatis
510 2405 616 2457 notam
637 2394 746 2470 habet,
762 2405 794 2456 et
814 2392 998 2456 fortitudini
1017 2391 1191 2477 plurimum
1211 2391 1323 2455 adver·

371 2507 469 2558 satur.
515 2493 749 2560 Contumeliam
771 2491 945 2577 prudentia
959 2492 1113 2577 reprimit,
1128 2490 1325 2577 ingeminans
1373 2576 1376 2583 Ι

366 2594 501 2679 jugiter,
516 2596 596 2680 quid
618 2596 651 2658 in
675 2607 790 2658 terram
815 2606 846 2657 et
869 2594 1003 2657 cinerem
1021 2593 1164 2680 superbit
1188 2606 1271 2658 terra
1293 2606 1325 2659 et

371 2696 474 2758 cinis?
514 2696 669 2779 lnjuriam
701 2693 911 2779 temperantia
940 2716 1002 2758 non
1032 2693 1185 2776 admittit,
1214 2694 1323 2761 nolens

369 2794 487 2857 inferre
507 2795 571 2872 alii,
586 2794 673 2879 quod
696 2796 754 2859 sibi
775 2794 874 2859 nollet
888 2796 929 2861 ab
944 2796 1006 2859 alio
1025 2797 1169 2882 irrogari.
1214 2801 1260 2863 Et
1274 2798 1323 2862 in-

365 2896 525 2980 justitiam
543 2895 672 2980 justitia
694 2894 846 2973 excludit,
864 2918 1095 2983 usquequaque
1117 2898 1235 2963 faciens
1256 2900 1321 2977 alii,

368 2995 455 3080 quod
470 2995 687 3059 faciendorum
704 2996 799 3060 vellet
819 2996 860 3061 ab
884 2998 947 3062 alio
968 2998 1036 3061 fieri
1057 2998 1116 3063 sibi
1138 2999 1210 3085 ipsi.
1256 3001 1320 3064 Hae

368 3109 441 3162 sunt
471 3109 609 3181 quatuor
639 3098 785 3179 virtutes,
813 3120 895 3184 quas
929 3099 1111 3186 philosophi
1146 3100 1322 3166 cardinales

367 3198 540 3285 appellant,
562 3222 600 3263 eo
626 3201 715 3285 quod
740 3222 759 3262 a
779 3200 885 3287 primo
909 3201 998 3265 fonte
1019 3200 1203 3279 honestatis,
1228 3207 1321 3289 quasi

366 3302 461 3388 primi
485 3302 580 3366 rivuli
604 3324 750 3366 emanare
775 3303 957 3377 credantur,
982 3317 1014 3368 et
1040 3304 1080 3368 de
1108 3328 1141 3368 se
1163 3307 1318 3371 bonorum

367 3404 509 3467 omnium
524 3403 645 3469 fluenta
665 3426 850 3490 propagare.
897 3410 978 3470 Haec
993 3405 1076 3470 forte
1091 3419 1165 3471 sunt
1181 3422 1321 3494 quatuor

367 3504 509 3582 flumina,
519 3528 593 3591 quae
609 3504 649 3568 de
665 3504 811 3591 paradiso
826 3504 1010 3569 delitiarum
1024 3506 1085 3571 Dei
1100 3506 1321 3591 egrediuntur,

368 3620 404 3672 ut
419 3605 550 3691 irrigent
561 3628 685 3669 omnem
701 3617 829 3681 terram,
841 3627 907 3690 quo
920 3606 1061 3670 fructum
1078 3606 1317 3672 desiderabilem

366 3708 477 3771 afferat
498 3706 530 3770 in
554 3720 696 3792 tempore
716 3728 783 3768 suo.
829 3705 962 3769 Utinam
983 3718 1015 3770 et
1037 3706 1078 3769 ad
1100 3728 1149 3770 me
1169 3706 1209 3770 de
1228 3708 1317 3774 fonte

365 3810 439 3875 vitae
473 3809 627 3893 (divinam
656 3807 790 3893 gratiam
826 3807 953 3894 loquor)
984 3808 1082 3894 hujus
1111 3809 1318 3895 plenitudinis

364 3924 583 3996 pertranseant
596 3910 705 3988 rivuli,
718 3908 876 3974 ariditatis
890 3932 969 3973 meae
983 3910 1174 3976 inebriantes
1190 3925 1316 3988 terram,

365 4022 402 4074 ut
423 4024 636 4075 succrescente
656 4011 766 4074 fructu
789 4011 945 4074 bonorum
967 4032 1111 4097 operum,
1127 4012 1237 4076 saltem
1260 4013 1314 4077 de·

364 4112 479 4177 clinare
494 4114 615 4178 valeam
630 4114 824 4178 imminentis
840 4113 958 4179 securis
973 4118 1082 4193 ictum,
1098 4136 1172 4199 quae
1186 4115 1315 4202 exigen-

367 4213 452 4277 tibus
467 4216 571 4302 culpis
582 4217 671 4296 meis,
682 4215 722 4279 ad
738 4216 874 4280 radicem
890 4240 1004 4294 meam,
1015 4218 1106 4303 quasi
1123 4217 1163 4281 ad
1178 4219 1317 4284 radicem

366 4313 574 4382 infructuosae
589 4317 720 4394 arboris,
736 4320 839 4402 posita
855 4326 921 4385 est!
956 4320 1180 4406 Quodcunque
1194 4324 1318 4408 lignum

817 4438 832 4482 s
848 4425 868 4480 2
