3384 5234
727 676 955 721 ENTHETICUS.

413 826 477 891 Sed
492 825 642 913 quoniam
658 848 810 890 nummus
823 826 929 890 toxica
943 846 1027 889 saeva
1041 824 1133 909 gerit.

365 928 484 994 Toxica
498 940 686 1015 perpetuam
702 928 843 1015 paritura
858 928 1041 1015 famemque
1057 927 1217 1016 sitimque,

408 1037 453 1097 Et
468 1033 616 1097 miseram
632 1032 742 1108 vitam,
759 1031 870 1096 mortis
884 1042 918 1094 et
931 1051 1027 1095 omne
1042 1052 1154 1115 genus,

366 1132 465 1202 Nulla
478 1134 567 1200 libris
581 1134 644 1199 erit
658 1146 734 1219 apta
748 1155 862 1198 manus
877 1132 1039 1217 fermgine
1054 1134 1155 1198 tincta
1163 1159 1173 1211 3

409 1236 480 1302 Nec
495 1248 662 1302 nummata
676 1248 800 1324 queunt
814 1236 911 1301 corda
926 1257 1039 1300 vacare
1054 1235 1152 1302 libris.

365 1338 441 1403 Non
455 1352 504 1404 est
518 1340 665 1424 ejusdem
680 1361 893 1425 nummosque
908 1337 1069 1426 librosque
1084 1339 1230 1423 probare,

411 1440 681 1527 Persequiturque
697 1440 794 1504 libros
808 1463 887 1525 grex
902 1440 1042 1526 Epicure
1058 1452 1141 1507 tuus.

367 1540 457 1624 Ignis
471 1540 612 1605 avaritiae
628 1563 728 1627 quum
744 1539 864 1604 foenum
881 1540 984 1605 cernis
998 1540 1114 1620 adurit,

412 1641 532 1725 Surgit,
548 1652 582 1705 et
595 1653 752 1705 oeternum
767 1640 922 1705 construit
936 1662 1036 1727 usque
1051 1641 1168 1707 locum.

369 1743 491 1809 Omnia
505 1766 605 1830 quum
620 1744 718 1829 possit
732 1765 845 1808 manus
860 1743 1098 1829 omnipotentis,
1113 1768 1218 1812 avarae

408 1847 528 1911 Mentis
542 1856 717 1930 egestatem
733 1868 796 1910 non
812 1846 927 1910 satiare
942 1856 1056 1932 potest.

367 1944 441 2016 Non
457 1946 570 2011 satiare
585 1957 690 2032 potest
703 1969 817 2012 manus
833 1946 1060 2033 omnipotentis
1074 1971 1220 2020 avarum:

409 2048 472 2113 Dic
487 2048 565 2112 mihi
579 2050 651 2136 quis
665 2049 791 2135 poterit,
807 2050 895 2136 quod
910 2051 1022 2136 nequit
1036 2051 1091 2116 illa
1105 2056 1243 2121 manus?

367 2149 483 2219 Nonne
497 2150 572 2214 satis
587 2149 684 2214 miser
699 2160 758 2230 est,
773 2171 870 2236 quem
887 2172 947 2213 nec
964 2151 1054 2214 Deus
1069 2150 1136 2237 ipse
1152 2154 1247 2221 beare

412 2252 560 2319 Sufficit?
582 2251 714 2317 ulterius
729 2252 800 2338 quis
814 2252 912 2316 miser
926 2274 994 2315 esse
1009 2254 1137 2337 potest?

366 2355 586 2441 Nummipetoe
602 2376 676 2418 cum
692 2353 843 2417 libricolis
859 2367 1024 2439 nequeunt
1038 2355 1132 2420 simul
1148 2381 1235 2429 esse:

410 2458 543 2535 Ambos,
560 2457 655 2521 crede
671 2455 760 2533 mihi,
776 2478 840 2519 non
857 2455 943 2540 capit
957 2478 1021 2520 una
1036 2456 1160 2524 domus.

367 2559 453 2644 Ergo
468 2581 545 2624 cave
561 2557 702 2634 miseros,
719 2579 778 2621 nec
794 2557 835 2621 ab
850 2556 899 2620 his
914 2556 974 2620 nisi
989 2556 1091 2621 tristia
1104 2581 1229 2645 speres:

410 2662 495 2727 Nam
511 2661 619 2726 miseri
634 2659 746 2736 cultor,
762 2659 834 2748 quis
849 2659 909 2723 uisi
926 2659 1050 2741 stultus,
1066 2661 1150 2729 erit?

368 2763 426 2833 Est
439 2764 572 2851 antiqua
586 2763 692 2843 nimis,
707 2762 802 2826 nimis
817 2774 865 2826 est
880 2761 1038 2827 sententia
1054 2786 1137 2843 vera,

410 2866 516 2940 Quam
532 2866 669 2929 docuere
685 2877 801 2949 patres,
819 2864 943 2928 Ennius
957 2876 1054 2950 atque
1072 2867 1171 2933 Cato:

367 2966 451 3035 Tam
467 2966 553 3051 quod
566 2964 674 3046 habet,
690 2987 785 3050 quarn
802 2988 866 3051 quo
881 2978 968 3030 caret
982 2968 1070 3032 omni
1086 2969 1164 3035 defit
1179 2974 1292 3052 amico,

410 3067 569 3151 Occupet,
583 3068 764 3143 occumbat,
779 3090 829 3131 res
842 3068 947 3131 aliena
962 3081 1079 3138 tamen

366 3177 501 3256 Semper
515 3166 702 3249 abundabit,
717 3168 772 3254 qui
788 3168 883 3233 rebus
898 3170 1021 3234 noverit
1037 3173 1102 3253 uti,

410 3277 456 3339 Et
470 3293 561 3335 mens
575 3269 686 3334 utendi
701 3270 808 3336 nescia
822 3293 948 3357 semper
962 3284 1046 3357 eget.

369 3377 477 3448 Pauca
491 3386 595 3460 potest
608 3373 707 3453 dives,
723 3386 756 3439 et
771 3373 909 3459 plurima
924 3398 1045 3462 pauper
1060 3377 1196 3461 habere;

410 3480 521 3544 Nescit
534 3487 710 3562 egestatem
726 3477 824 3558 dives,
839 3499 959 3561 egenus
974 3501 1059 3565 opes.

368 3580 484 3646 Nullus
498 3579 619 3644 amicus
633 3578 675 3659 ei,
690 3579 746 3664 qui
761 3578 864 3641 multa
879 3580 977 3663 cupit,
991 3602 1051 3644 nec
1067 3584 1186 3650 amicus

411 3685 469 3749 Est
483 3683 554 3759 sibi,
571 3682 623 3746 cui
636 3682 770 3745 nimium
787 3704 837 3746 res
852 3680 956 3745 aliena
972 3683 1086 3768 placet.

367 3787 402 3852 Si
417 3785 550 3872 cupidus
564 3783 661 3849 luerit
675 3783 783 3860 hostis,
799 3797 950 3849 caveatur
966 3798 999 3850 ut
1014 3786 1122 3868 hostis,

410 3889 443 3953 Si
458 3888 499 3953 sit
513 3887 644 3964 amicus,
660 3909 699 3951 eo
714 3888 836 3952 cautior
851 3911 919 3953 esse
935 3890 1037 3955 stude.

365 3988 480 4056 Jurat?
502 3988 596 4053 crede
611 3987 736 4065 minus3
759 4010 822 4052 non
833 3989 948 4073 jurat?
969 3991 1099 4056 credere
1114 3995 1198 4073 noli3

407 4098 512 4169 Juret‚
529 4112 591 4154 non
602 4090 703 4174 juret,
717 4090 816 4155 hostis
830 4092 871 4155 ab
887 4092 977 4157 hoste
992 4115 1077 4158 cave.

367 4193 409 4257 Et
424 4193 525 4279 fugias
540 4213 619 4279 quos
635 4191 715 4256 livor
729 4192 815 4257 edax
829 4193 976 4259 felicibus
990 4194 1096 4259 hostes

411 4295 464 4358 Sic
479 4294 565 4372 lacit,
582 4304 618 4357 ut
632 4294 731 4359 virtus
745 4295 874 4359 flectere
891 4294 979 4359 nulla
994 4308 1101 4381 queat,
