3384 5234
336 685 404 729 cre.
420 668 497 741 vu]
692 682 945 728 eonrcaarrcns.
1248 670 1289 729 75

339 834 457 898 talibus
472 845 562 920 pasta
578 856 660 914 sum,
675 857 735 918 ego
749 834 799 897 his
813 834 931 896 iterum
954 855 1074 918 pascar.
1121 834 1197 896 Post
1221 832 1290 898 hoeo

337 937 384 1000 illi
401 937 502 1000 territi
519 948 754 1021 trementesque
770 935 951 1012 discedunt,
963 938 1019 1019 qui
1035 934 1120 998 bunc
1135 933 1237 998 solum
1250 956 1292 1000 ex

335 1036 481 1099 omnibus
503 1035 713 1099 facultatibus
739 1036 804 1100 suis
829 1036 953 1099 miserae
977 1035 1072 1098 matri
1095 1035 1290 1121 reliquerant

337 1137 454 1199 cibum.
503 1135 636 1221 Repleta
652 1148 699 1199 est
715 1150 822 1199 autem
838 1133 999 1199 confestim
1022 1136 1169 1200 universa
1183 1135 1295 1202 civitas

338 1239 447 1302 nefarii
473 1239 597 1302 sceleris
624 1238 752 1318 nuncio,
778 1250 809 1302 et
838 1238 1061 1325 uuusquisque
1087 1252 1161 1303 ante
1185 1238 1296 1303 oculos

338 1340 471 1420 facinuS,
486 1341 574 1426 quod
590 1354 809 1426 perpetratum
825 1340 942 1416 fuerat,
955 1340 1128 1417 adducens,
1144 1354 1294 1427 tanquam

339 1446 364 1507 si
396 1446 463 1529 ipse
491 1445 551 1507 hoc
576 1460 799 1530 perpetrasset,
824 1442 983 1507 horrebat.
1027 1445 1145 1508 Omnes
1175 1456 1294 1519 autem,

340 1568 422 1631 quos
446 1545 540 1608 famis
564 1547 730 1609 necessitas
754 1544 960 1630 perurgebat,
980 1544 1172 1611 festinabant
1195 1548 1296 1630 magis

340 1646 382 1708 ad
413 1660 558 1723 mortem,
590 1647 697 1710 beatos
732 1646 874 1709 dicentes
909 1669 973 1723 eos,
1008 1646 1126 1730 quibus
1161 1646 1295 1731 contigit

340 1749 495 1829 interisse,
525 1749 709 1835 prinsquam
741 1749 854 1813 talium
887 1747 1041 1829 malorum
1078 1749 1297 1834 polluerentur

342 1851 468 1916 auditu.
515 1856 594 1916 Haec
611 1850 741 1937 quidem
757 1851 780 1913 J
782 1851 933 1937 osephus.

385 2024 465 2107 Cap.
483 2031 510 2086 7.
534 2024 587 2085 De
600 2044 737 2085 numero
752 2025 962 2103 captivorum,
979 2030 1010 2086 et
1024 2026 1209 2097 occisorum,
1225 2030 1255 2086 et

644 2132 879 2207 peremptorum
888 2130 989 2209 fame.

383 2263 485 2337 Quum
501 2283 577 2325 vero
590 2272 681 2325 tanta
692 2259 855 2324 calamitas
866 2260 1021 2325 invenerit
1033 2262 1171 2340 exitum,
1183 2263 1295 2328 eodem

339 2376 468 2426 auctore
495 2361 664 2447 perpaucis
687 2361 863 2425 adnectam.
909 2363 1072 2448 Colligens
1094 2365 1176 2428 enim
1201 2389 1298 2451 supra

294 2505 298 2510 -
341 2464 447 2527 (lictus
471 2462 758 2549 historiographus,
780 2487 904 2527 omnem
928 2488 1094 2531 numerum
1117 2482 1298 2553 perempto·

340 2590 410 2630 rum
439 2570 489 2629 vel
516 2566 610 2641 fame,
632 2566 683 2627 vel
709 2564 774 2641 siti,
799 2566 849 2628 vel
876 2566 970 2643 ferro,
994 2566 1144 2631 undecies
1166 2582 1298 2633 centena

340 2669 439 2748 millia
454 2667 644 2751 designavit.
686 2668 826 2730 Caeteros
840 2690 914 2730 vero
929 2671 1078 2743 latrones,
1095 2668 1144 2730 vel
1161 2669 1298 2745 sicarios,

342 2794 377 2833 ac
398 2770 576 2854 praedones,
593 2781 664 2856 post
687 2769 775 2832 urbis
796 2770 968 2849 excidium,
983 2772 1106 2835 mutuis
1127 2769 1298 2836 declaravit

342 2870 484 2933 interisse
494 2869 689 2934 vulneribus.
718 2868 847 2932 Electos
859 2884 965 2933 autem
978 2891 1124 2956 quosque
1130 2872 1299 2956 juvenum,

343 2994 425 3057 qnos
448 2969 541 3032 decor
563 2970 704 3055 corporis
731 2982 763 3033 et
786 2972 958 3054 proceritas
985 2971 1236 3050 commendabat,
1258 2972 1299 3035 ad

344 3071 542 3155 triumphum
566 3069 643 3134 dicit
664 3094 730 3133 esse
749 3069 936 3144 reservatos,
954 3070 1093 3155 reliquos
1114 3086 1219 3134 autem
1243 3071 1298 3157 qui

343 3194 440 3253 supra
463 3192 533 3235 xvu
560 3193 657 3234 annos
683 3172 820 3255 agebant
848 3170 964 3246 aetatis,
991 3173 1113 3233 vinctos
1140 3171 1181 3236 ad
1204 3195 1301 3257 opera

343 3279 479 3361 AEgypti
494 3297 552 3360 per
574 3274 702 3338 metalla
716 3274 903 3353 destinatos,
918 3272 968 3337 vel
993 3296 1049 3358 per
1072 3287 1204 3337 eaeterus
1227 3296 1300 3359 pro-

343 3378 462 3441 vincias
492 3400 559 3441 esse
589 3376 758 3462 dispersos
812 3374 877 3440 Alii
908 3374 1036 3461 quidem
1069 3390 1106 3440 ut
1136 3375 1175 3439 ad
1206 3373 1300 3440 ludos

343 3477 557 3565 gladiatorios
581 3476 635 3542 alii
658 3491 695 3542 ut
719 3478 759 3542 ad
786 3477 904 3543 bestias
926 3478 1137 3542 traderentur.
1186 3478 1220 3544 Si
1242 3475 1301 3564 qui

344 3605 419 3645 vero
434 3581 519 3645 ultra
540 3581 709 3667 septimum
734 3593 766 3643 et
782 3579 940 3645 decimum
964 3580 1067 3645 aetatis
1088 3582 1204 3666 reperti
1224 3595 1300 3647 suut

343 3707 473 3761 annum,
488 3706 545 3769 per
560 3683 702 3746 diversas
718 3681 896 3767 provincias
915 3682 948 3745 in
966 3682 1148 3748 servitutem
1165 3682 1300 3747 distrahi

339 3786 421 3869 jussi
436 3797 521 3858 sunt,
534 3805 669 3870 quornm
684 3804 835 3845 numerus
847 3805 950 3868 usque
965 3782 1006 3845 ad
1020 3783 1191 3864 nonaginta
1202 3781 1301 3847 millia

344 3885 518 3971 perductus
533 3898 590 3950 est.
637 3887 718 3948 Haec
739 3906 813 3946 vero
828 3884 935 3946 omnia
956 3895 1138 3967 gestarunt
1160 3883 1301 3949 seeundo

254 4060 260 4069 ,
344 4011 426 4051 anno
443 3987 627 4073 Vespasiani
644 3986 780 4070 imperii,
798 3984 896 4069 juxta
910 4008 947 4048 ea
968 4008 1042 4069 quae
1057 3985 1126 4070 ipse
1143 3986 1301 4050 Dominus

345 4103 377 4154 et
394 4089 541 4154 Salvator
551 4101 660 4152 noster
670 4089 693 4149 J
695 4111 768 4151 esus
782 4087 931 4153 Christus
946 4086 1156 4171 praedixerat:
1180 4091 1300 4173 quippe

345 4214 442 4274 quum
459 4214 506 4271 ea,
518 4214 592 4275 quae
603 4190 743 4274 gerenda
754 4202 856 4266 erant,
868 4189 1035 4275 praesentia
1048 4188 1179 4253 videret.
1205 4192 1300 4253 Tunc

346 4316 448 4376 quum
464 4293 637 4359 secundum
653 4294 889 4377 evangeliorum
906 4292 1001 4355 fidem
1015 4293 1125 4356 videns
1140 4292 1299 4358 civitatem
