3384 5234
311 697 381 742 aar.
397 681 461 755 v1.]
670 689 923 737 rorrcnsrrcus.
1226 674 1267 733 87

311 844 397 909 tione
413 845 597 931 quiesceret.
630 843 676 907 Ut
691 862 766 903 vero
781 838 922 903 nondum
946 836 1104 902 reveletur
1118 835 1259 921 spiritus,

309 945 364 1030 qui
388 944 466 1010 latet
488 945 520 1008 in
543 944 647 1021 litera,
669 941 887 1027 aequissimum
909 950 957 1003 est
979 938 1115 1002 animam
1135 936 1262 1022 cognati

307 1047 432 1130 generis
440 1046 545 1132 gratia
555 1065 781 1120 mansuescere,
793 1053 825 1105 et
837 1061 961 1104 ornnem
974 1039 1136 1106 dediscere
1147 1038 1262 1102 aliena-

308 1148 436 1227 tionem,
446 1170 547 1234 quum
563 1146 592 1210 ei
607 1145 735 1231 proprie
750 1154 921 1206 concentus
935 1139 1076 1225 originis,
1087 1153 1120 1206 et
1135 1153 1261 1204 naturae

308 1248 446 1313 melioris
455 1271 568 1313 arcana
578 1246 744 1311 resultant.
766 1248 848 1309 Eam
859 1266 899 1306 ex
911 1246 1124 1307 consonantiis
1133 1240 1261 1305 musicis

307 1337 373 1408 esse
396 1345 614 1431 compositam,
634 1364 730 1427 quarn
753 1340 965 1425 plurimorum
987 1341 1096 1426 opinio
1119 1339 1168 1403 r'el
1191 1363 1259 1404 sen-

306 1446 406 1510 tentia
421 1458 479 1510 est.
523 1444 641 1508 Totius
655 1441 737 1506 enim
754 1440 965 1528 philosopbiae
983 1440 1131 1528 princeps
1152 1442 1257 1516 Plato,

308 1546 348 1628 (si
365 1559 470 1612 tamen
483 1544 674 1611 Aristotelici
690 1543 907 1630 acquiescunt)
923 1565 1025 1629 quum
1042 1563 1110 1606 eam
1127 1564 1168 1606 ex
1183 1543 1258 1607 sub·

307 1649 424 1713 stantia
439 1647 571 1712 dividua
582 1663 613 1712 et
628 1645 795 1711 individua
809 1644 962 1724 finxisset,
973 1657 1005 1708 et
1020 1644 1129 1709 eadem
1143 1656 1258 1708 natura

304 1748 474 1834 plasmaret
494 1757 525 1811 et
543 1748 676 1828 diversa,
693 1745 794 1832 ipsam
819 1767 881 1808 non
906 1768 997 1829 posse
1023 1758 1165 1809 constare
1189 1767 1256 1809 cre·

304 1849 399 1927 didit,
408 1848 467 1914 nisi
480 1847 626 1927 limitum,
639 1848 695 1934 qui
706 1847 868 1930 utrimque
879 1844 1054 1910 multifaria
1066 1847 1202 1910 sectione
1214 1847 1256 1911 ab

303 1950 424 2015 unitate
440 1948 668 2035 profluxerant,
690 1946 920 2022 dissidentiam,
936 1946 1102 2023 hemioliis,
1117 1947 1257 2032 epitritis

303 2063 335 2115 et
369 2050 522 2137 epogdois
557 2050 669 2115 uniret.
721 2048 856 2113 Limatis
884 2060 916 2111 et
951 2043 1116 2112 commatis
1145 2048 1254 2112 habita

303 2150 433 2228 ratione,
445 2163 481 2215 ut
492 2150 552 2214 sub
564 2149 764 2235 expressione
773 2169 960 2233 paucorum,
968 2148 996 2211 ei
1006 2160 1254 2234 quantacunque

303 2250 453 2315 distantia
487 2249 734 2335 repugnantium
770 2246 948 2325 concordia,
978 2248 1103 2331 cognati
1131 2247 1256 2332 generis

303 2352 450 2417 societate
462 2353 614 2416 doceatur
625 2374 692 2415 esse
707 2349 851 2413 linitima.
878 2348 975 2413 Unde
987 2373 1101 2414 arcano
1112 2351 1252 2436 quodam

302 2440 408 2518 meatu
432 2465 566 2529 naturae,
588 2452 779 2537 secretisque
801 2450 967 2531 cuniculis,
987 2452 1164 2517 vivacitatis
1186 2476 1254 2517 suae

302 2553 411 2637 vigore
431 2574 489 2639 per
507 2552 656 2616 universa
678 2550 839 2626 discurrit,
861 2564 891 2614 et
915 2550 1015 2615 cuivis
1033 2565 1158 2616 naturae
1178 2559 1252 2619 sub·

302 2652 487 2738 stantiaeque
502 2649 683 2731 conformis,
693 2650 835 2727 rationis,
852 2674 971 2727 sensus,
982 2653 1057 2715 vitae
1072 2653 1104 2716 in
1120 2652 1253 2737 singulis

300 2776 360 2838 pro
386 2754 503 2818 divinae
529 2752 775 2840 dispensationis
796 2752 926 2818 decreto
947 2753 1114 2819 efficaciam
1138 2755 1250 2820 modu-

301 2846 398 2916 latur.
443 2854 598 2919 Omnibus
622 2854 732 2939 itaque
761 2853 910 2918 alimenta
939 2852 1112 2940 dispensat,
1137 2868 1169 2920 et
1199 2858 1249 2920 sui

300 2954 442 3041 puritate
451 2954 536 3039 viget
548 2956 581 3017 in
593 2956 734 3041 singulis,
745 2958 807 3020 nisi
819 2956 911 3020 molis
922 2979 1082 3043 corporeae
1090 2958 1248 3041 gravitate

298 3068 482 3141 prematur3
510 3052 572 3120 'aut
599 3057 859 3141 tranquillitatem
888 3057 1031 3143 spiritus,
1054 3058 1247 3122 exteriorum

299 3155 502 3220 tumultuum
528 3156 658 3243 spiritus
682 3158 851 3222 concutiat.
896 3162 969 3232 Qua
992 3161 1143 3237 irruente,
1168 3159 1247 3244 quid

297 3269 406 3342 potest
431 3280 497 3321 esse
527 3258 694 3339 salubrius,
720 3283 816 3346 quarn
844 3260 882 3339 si,
907 3272 943 3324 ut
969 3260 1015 3323 ita
1039 3259 1154 3338 dicam,
1180 3263 1247 3325 suis

296 3371 422 3422 naturae
437 3359 567 3426 vocibus
581 3350 604 3423 a¹
614 3344 842 3447 compressione
856 3361 1022 3424 turbarum
1039 3361 1080 3425 ad
1097 3362 1244 3447 seipsam

294 3460 401 3523 anima
421 3451 611 3525 revocetur?
645 3462 730 3539 Quid
753 3462 892 3548 denique
913 3476 1094 3527 nostrorum
1117 3463 1243 3549 spiritui

293 3571 399 3646 potest
412 3582 477 3625 esse
487 3561 621 3625 similius
631 3566 726 3626 voce?
742 3586 816 3648 quae
826 3584 929 3648 quum
940 3563 992 3627 lric
1001 3563 1166 3641 formetur,
1178 3580 1244 3630 tam

292 3659 389 3742 facili,
404 3685 498 3748 quarn
522 3660 675 3727 invisibili
690 3676 721 3727 et
742 3663 894 3727 ineffabili
917 3663 1052 3728 transitu
1068 3664 1241 3729 multorum

292 3762 542 3850 circumquaque
557 3765 660 3849 replet
673 3765 831 3842 auditum,
846 3777 879 3829 et
894 3765 924 3829 ri
940 3786 997 3827 sua
1012 3786 1179 3849 corporum
1196 3768 1243 3830 in·
1260 3770 1264 3776 ’

292 3876 415 3949 tegram
438 3878 584 3950 penetrat
606 3865 807 3947 densitatem,
825 3879 857 3931 et
880 3865 971 3952 quasi
994 3878 1082 3929 tactu
1102 3868 1241 3950 quodam

290 3980 398 4031 movet
412 3957 565 4049 animum,
580 3980 612 4032 et
626 3990 684 4054 pro
698 3965 830 4031 arbitrio
850 3991 908 4031 suo
923 3987 1007 4030 nunc
1021 3965 1140 4051 dejicit,
1156 3990 1242 4033 nunc
1314 3991 1321 4011 ·

289 4065 425 4131 extollit.
471 4069 580 4147 Certe,
603 4064 661 4130 etsi
687 4065 775 4130 nulla
800 4066 921 4130 ratione
944 4066 984 4131 sit
1007 4065 1147 4150 spiritua,
1170 4090 1239 4131 eam

287 4163 451 4249 quoddam
467 4164 649 4229 vehiculum
663 4163 793 4249 spiritus
807 4189 874 4229 esse
884 4164 1091 4231 certissimum
1108 4180 1165 4229 est.
1193 4169 1238 4232 Et

287 4286 375 4336 nunc
386 4266 515 4350 quidem
527 4266 715 4344 humanum,
726 4289 810 4330 nunc
822 4264 1073 4343 divinuaranunc
1084 4278 1115 4329 et
1126 4265 1241 4351 pyth02
