3384 5234
314 700 385 745 cae.
402 681 487 761 xvc]
656 696 911 743 rotrcmrrcus.
1227 687 1268 745 87

313 851 490 929 victoriam,
519 870 654 933 regnum
685 861 717 913 et
746 848 918 933 imperium
948 846 1068 914 Christi
1099 871 1165 913 esse
1194 871 1265 935 per-

315 952 432 1016 sonuit.
466 954 584 1015 Verum
601 950 678 1037 quia
690 949 764 1013 duae
773 948 885 1034 primae
900 948 1018 1033 species
1033 951 1163 1014 omnino
1178 971 1267 1015 vanae

313 1065 398 1129 sunt,
411 1065 443 1118 et
456 1055 489 1117 in
504 1052 674 1139 postremis
691 1051 780 1137 quasi
791 1050 906 1114 visibili
923 1050 1026 1137 specie
1038 1052 1154 1118 veritas
1169 1056 1269 1118 menti

312 1158 462 1230 occurrit,
478 1153 627 1229 mediam,
644 1175 716 1238 quae
736 1152 862 1238 corpori
882 1152 1025 1218 veritatis
1045 1154 1138 1239 quasi
1160 1154 1266 1218 velum

316 1257 491 1342 figurarum
507 1253 675 1342 oppandit,
691 1253 877 1338 diligentius
892 1256 1092 1341 exequimur.

319 1486 400 1569 Cap.
419 1482 468 1547 16.
494 1483 663 1547 Genaatta
675 1482 824 1563 quaedum
839 1482 878 1544 de
892 1482 1193 1566 significationibus,
1206 1493 1273 1547 tam

449 1587 653 1661 somniorum,
668 1604 766 1665 quum
781 1584 1137 1669 aliorumflguralium.

367 1751 438 1814 EST
461 1748 572 1833 itaque
594 1758 657 1812 tam
682 1745 720 1809 ad
745 1745 1038 1832 interpretationem
1067 1748 1273 1828 somniorum,

322 1873 421 1932 quam
460 1848 501 1913 ad
537 1847 757 1913 revelationem
787 1848 993 1932 aenigmatum
1024 1861 1056 1913 et
1085 1849 1274 1934 figurarum,

323 1952 465 2017 sollerter
494 1950 686 2015 attendenda
716 1972 820 2013 rerum
854 1950 1053 2034 significatio,
1083 1975 1156 2038 quae
1187 1965 1276 2017 tanto

324 2053 526 2140 multiplicior
552 2065 599 2117 est
626 2074 723 2137 quam
751 2074 880 2126 vocum,
906 2065 1028 2136 quanto
1057 2054 1098 2118 ab
1125 2055 1276 2141 operibus

324 2170 458 2233 naturae,
475 2178 572 2243 opera
595 2155 768 2219 vincuntur
790 2155 920 2219 artificis
942 2155 1096 2237 imitantis
1118 2172 1275 2222 naturam.

326 2258 359 2321 Si
382 2256 454 2342 quis
477 2259 560 2321 enim
578 2278 680 2319 sermo
704 2267 768 2319 tres
790 2267 845 2319 eut
870 2271 1011 2341 quatuor
1035 2258 1132 2323 habet
1159 2259 1278 2344 signifi-

322 2359 473 2435 cationes,
497 2358 606 2421 statim
625 2354 786 2438 πολόσημος
809 2368 867 2435 est,
883 2355 915 2418 id
939 2369 1000 2434 est,
1024 2359 1194 2425 multarum
1216 2359 1278 2446 sig-

325 2460 551 2525 nificationum.
598 2458 711 2521 Omnis
732 2480 807 2522 vero
833 2480 894 2538 res,
916 2471 995 2545 quot
1019 2460 1116 2525 habet
1143 2461 1277 2525 aliarum

325 2562 560 2637 similitudines,
576 2572 624 2625 tot
645 2559 728 2644 gerit
743 2560 915 2623 earundem
939 2561 1202 2644 significationes;
1233 2562 1280 2629 ita

326 2678 442 2742 tamen,
457 2672 495 2727 ut
509 2664 609 2749 major
625 2684 788 2747 nunquam
806 2662 936 2725 minoris
951 2662 991 2727 sit
1007 2664 1142 2748 signnm.
1182 2666 1280 2749 Signa

326 2765 485 2851 siquidem
507 2787 630 2851 semper
649 2763 770 2827 minora
793 2778 878 2828 sunt.
918 2764 1000 2827 Inde
1014 2778 1061 2829 est
1077 2765 1164 2850 quod
1180 2766 1281 2829 bomi-

327 2891 401 2933 nem
417 2865 592 2931 substantia
606 2866 727 2953 quaevis
742 2866 907 2950 significat,
925 2880 1035 2953 utpote
1057 2869 1179 2954 aliquid
1195 2892 1281 2933 corn·

327 2993 424 3034 mune
453 2992 524 3033 curn
551 2969 699 3033 omnibus
727 2969 907 3048 habentem,
936 2969 1024 3054 quod
1054 2985 1086 3033 et
1115 2971 1146 3033 in
1177 2972 1282 3055 ligura

329 3067 490 3153 reptilium
521 3068 619 3146 Petri,
648 3084 681 3131 ct
707 3067 739 3129 in
771 3066 917 3151 pluribus
947 3067 1023 3130 locis
1050 3068 1281 3154 scripturarum

328 3169 532 3234 manifestum
561 3180 618 3233 est.
664 3170 773 3247 Porro,
801 3192 866 3254 quo
893 3167 1069 3232 similitudo
1095 3170 1282 3256 expressior,

325 3296 366 3337 eo
380 3271 481 3357 magis
495 3281 630 3354 cognata
644 3282 676 3334 et
691 3269 877 3333 familiarior
892 3282 941 3333 est
957 3269 1156 3354 significatio.
1192 3272 1283 3335 Simi-

330 3373 436 3439 litudo
455 3394 529 3435 vero
549 3384 604 3436 aut
627 3371 844 3435 substantialis
865 3384 923 3449 est,
946 3386 981 3435 ut
1004 3396 1078 3458 quae
1098 3397 1138 3437 ex
1160 3396 1285 3458 genere,

332 3487 390 3541 aut
412 3474 531 3559 specie:
566 3486 623 3538 aut
645 3472 860 3554 accidentalis,
874 3487 930 3538 aut
952 3498 991 3537 ex
1016 3480 1208 3561 quantitate,
1231 3489 1287 3543 aut

331 3576 500 3662 qualitate,
515 3587 569 3639 aut
594 3574 688 3638 variis
710 3576 921 3640 accidentium
945 3577 1072 3642 formis:
1104 3592 1160 3643 aut
1182 3577 1287 3645 imita-

332 3678 427 3744 tionis
438 3689 497 3756 est,
510 3688 546 3741 ut
559 3699 660 3762 quum
672 3680 745 3763 quis
757 3676 811 3740 alii
823 3678 937 3762 quovis
949 3694 1039 3745 motu
1050 3682 1155 3767 operis
1165 3683 1289 3747 confor-

332 3794 445 3846 matur.
478 3780 524 3842 Et
540 3778 599 3843 boc
615 3779 745 3865 quidem
762 3778 858 3843 modo
873 3794 979 3865 potest
994 3784 1127 3847 creatori
1143 3798 1289 3850 creatura

330 3905 397 3946 esse
409 3879 591 3959 consimilis,
601 3903 702 3965 quum
716 3893 822 3944 tamen
834 3881 924 3944 nullo
936 3882 1136 3947 substantiali
1146 3873 1197 3948 'vel
1209 3887 1290 3951 acci·

329 3984 452 4048 dentali
467 3980 672 4067 participent.
704 3982 819 4044 Causae
833 3981 965 4067 quoque
982 4006 1059 4047 suus
1073 3986 1291 4051 conformatur

330 4086 478 4163 effectuS,
490 4096 523 4148 et
536 4084 693 4167 reciproce
706 4106 811 4159 causa,
824 4081 850 4145 si
866 4096 971 4147 tamen
984 4085 1085 4150 minor
1095 4101 1154 4165 est,
1166 4088 1292 4155 effectui

336 4209 396 4250 suo
411 4186 532 4251 dicitur
547 4208 613 4248 esse
629 4183 807 4248 consimilis.
847 4187 1010 4250 Caeterum
1025 4188 1174 4253 similium
1185 4212 1292 4254 rerum

333 4292 422 4355 sicut
436 4289 522 4355 idem
536 4284 711 4374 judicium,
727 4287 773 4351 ita
794 4298 825 4352 et
841 4287 951 4351 eadem
970 4301 1045 4353 nota
1062 4303 1119 4354 est.
1157 4293 1202 4353 Et
1217 4291 1295 4375 quia
