<?xml version="1.0" encoding="UTF-8"?>
<!DOCTYPE html PUBLIC "-//W3C//DTD XHTML 1.0 Transitional//EN"
    "http://www.w3.org/TR/xhtml1/DTD/xhtml1-transitional.dtd">
<html xmlns="http://www.w3.org/1999/xhtml" xml:lang="en" lang="en">
 <head>
  <title>
</title>
<meta http-equiv="Content-Type" content="text/html;charset=utf-8" />
  <meta name='ocr-system' content='tesseract 3.04.00' />
  <meta name='ocr-capabilities' content='ocr_page ocr_carea ocr_par ocr_line ocrx_word'/>
</head>
<body>
  <div class='ocr_page' id='page_1' title='image "./joannissaresber06johngoog_0333.png"; bbox 0 0 3384 5234; ppageno 0'>
   <div class='ocr_carea' id='block_1_1' title="bbox 371 656 1330 737">
    <p class='ocr_par' dir='ltr' id='par_1_1' title="bbox 371 656 1330 737">
     <span class='ocr_line' id='line_1_1' title="bbox 371 656 1330 737; baseline -0.007 -11"><span class='ocrx_word' id='word_1_1' title='bbox 371 668 434 727; x_wconf 72' lang='lat' dir='ltr'>aar</span> <span class='ocrx_word' id='word_1_2' title='bbox 640 679 776 723; x_wconf 75' lang='lat' dir='ltr'>somnis</span> <span class='ocrx_word' id='word_1_3' title='bbox 793 676 1072 723; x_wconf 75' lang='lat' dir='ltr'>sannsnaaransrs</span> <span class='ocrx_word' id='word_1_4' title='bbox 1194 656 1281 737; x_wconf 79' lang='lat' dir='ltr'>[ern.</span> <span class='ocrx_word' id='word_1_5' title='bbox 1298 676 1330 720; x_wconf 86' lang='lat' dir='ltr'>v.</span> 
     </span>
    </p>
   </div>
   <div class='ocr_carea' id='block_1_2' title="bbox 370 830 1331 2640">
    <p class='ocr_par' dir='ltr' id='par_1_2' title="bbox 370 830 1331 2640">
     <span class='ocr_line' id='line_1_2' title="bbox 374 830 1331 917; baseline -0.006 -21"><span class='ocrx_word' id='word_1_6' title='bbox 374 833 515 896; x_wconf 90' lang='lat' dir='ltr'>nondum</span> <span class='ocrx_word' id='word_1_7' title='bbox 531 842 625 896; x_wconf 87' lang='lat' dir='ltr'>natus</span> <span class='ocrx_word' id='word_1_8' title='bbox 640 833 692 906; x_wconf 88' lang='lat' dir='ltr'>ait,</span> <span class='ocrx_word' id='word_1_9' title='bbox 709 834 801 917; x_wconf 81' lang='lat' dir='ltr'>cujus</span> <span class='ocrx_word' id='word_1_10' title='bbox 821 853 944 910; x_wconf 88' lang='lat' dir='ltr'>aurum,</span> <span class='ocrx_word' id='word_1_11' title='bbox 958 832 1008 893; x_wconf 87' lang='lat' dir='ltr'>vel</span> <span class='ocrx_word' id='word_1_12' title='bbox 1023 840 1187 912; x_wconf 87' lang='lat' dir='ltr'>argentum</span> <span class='ocrx_word' id='word_1_13' title='bbox 1203 830 1238 892; x_wconf 89' lang='lat' dir='ltr'>in</span> <span class='ocrx_word' id='word_1_14' title='bbox 1254 850 1331 892; x_wconf 89' lang='lat' dir='ltr'>mu·</span> 
     </span>
     <span class='ocr_line' id='line_1_3' title="bbox 373 932 1330 1017; baseline -0.001 -20"><span class='ocrx_word' id='word_1_15' title='bbox 373 957 435 997; x_wconf 89' lang='lat' dir='ltr'>nus</span> <span class='ocrx_word' id='word_1_16' title='bbox 457 936 626 1017; x_wconf 85' lang='lat' dir='ltr'>acceperit.</span> <span class='ocrx_word' id='word_1_17' title='bbox 672 936 758 1007; x_wconf 88' lang='lat' dir='ltr'>Quid</span> <span class='ocrx_word' id='word_1_18' title='bbox 781 936 913 998; x_wconf 85' lang='lat' dir='ltr'>referam</span> <span class='ocrx_word' id='word_1_19' title='bbox 933 934 1122 1007; x_wconf 76' lang='lat' dir='ltr'>Martinam,</span> <span class='ocrx_word' id='word_1_20' title='bbox 1137 932 1192 1015; x_wconf 89' lang='lat' dir='ltr'>qui</span> <span class='ocrx_word' id='word_1_21' title='bbox 1212 943 1330 996; x_wconf 87' lang='lat' dir='ltr'>contra</span> 
     </span>
     <span class='ocr_line' id='line_1_4' title="bbox 371 1026 1330 1119; baseline -0.002 -19"><span class='ocrx_word' id='word_1_22' title='bbox 371 1058 490 1100; x_wconf 91' lang='lat' dir='ltr'>morem</span> <span class='ocrx_word' id='word_1_23' title='bbox 507 1058 527 1100; x_wconf 94' lang='lat' dir='ltr'>a</span> <span class='ocrx_word' id='word_1_24' title='bbox 540 1026 702 1118; x_wconf 84' lang='lat' dir='ltr'>legatione</span> <span class='ocrx_word' id='word_1_25' title='bbox 713 1037 839 1101; x_wconf 89' lang='lat' dir='ltr'>rediens</span> <span class='ocrx_word' id='word_1_26' title='bbox 851 1057 981 1119; x_wconf 85' lang='lat' dir='ltr'>pauper,</span> <span class='ocrx_word' id='word_1_27' title='bbox 993 1056 1093 1117; x_wconf 92' lang='lat' dir='ltr'>quum</span> <span class='ocrx_word' id='word_1_28' title='bbox 1105 1035 1145 1097; x_wconf 90' lang='lat' dir='ltr'>ab</span> <span class='ocrx_word' id='word_1_29' title='bbox 1156 1035 1330 1118; x_wconf 85' lang='lat' dir='ltr'><strong>Episcopo</strong></span> 
     </span>
     <span class='ocr_line' id='line_1_5' title="bbox 372 1138 1327 1223; baseline -0.002 -23"><span class='ocrx_word' id='word_1_30' title='bbox 372 1138 557 1202; x_wconf 84' lang='lat' dir='ltr'>Florentino</span> <span class='ocrx_word' id='word_1_31' title='bbox 580 1160 709 1223; x_wconf 90' lang='lat' dir='ltr'>equum,</span> <span class='ocrx_word' id='word_1_32' title='bbox 732 1139 821 1201; x_wconf 88' lang='lat' dir='ltr'>socio</span> <span class='ocrx_word' id='word_1_33' title='bbox 845 1138 1073 1214; x_wconf 88' lang='lat' dir='ltr'>necessarium,</span> <span class='ocrx_word' id='word_1_34' title='bbox 1094 1157 1209 1217; x_wconf 90' lang='lat' dir='ltr'>magna</span> <span class='ocrx_word' id='word_1_35' title='bbox 1236 1157 1327 1199; x_wconf 91' lang='lat' dir='ltr'>com-</span> 
     </span>
     <span class='ocr_line' id='line_1_6' title="bbox 372 1237 1328 1323; baseline -0.001 -21"><span class='ocrx_word' id='word_1_36' title='bbox 372 1241 485 1322; x_wconf 91' lang='lat' dir='ltr'>pulsus</span> <span class='ocrx_word' id='word_1_37' title='bbox 495 1241 659 1318; x_wconf 86' lang='lat' dir='ltr'>instantia,</span> <span class='ocrx_word' id='word_1_38' title='bbox 668 1240 856 1323; x_wconf 79' lang='lat' dir='ltr'><strong>accepisset,</strong></span> <span class='ocrx_word' id='word_1_39' title='bbox 868 1238 1005 1302; x_wconf 91' lang='lat' dir='ltr'>eundern</span> <span class='ocrx_word' id='word_1_40' title='bbox 1017 1238 1155 1301; x_wconf 81' lang='lat' dir='ltr'>restituit</span> <span class='ocrx_word' id='word_1_41' title='bbox 1166 1237 1328 1317; x_wconf 85' lang='lat' dir='ltr'>donatori,</span> 
     </span>
     <span class='ocr_line' id='line_1_7' title="bbox 373 1340 1328 1426; baseline -0.002 -22"><span class='ocrx_word' id='word_1_42' title='bbox 373 1364 417 1404; x_wconf 90' lang='lat' dir='ltr'>ex</span> <span class='ocrx_word' id='word_1_43' title='bbox 429 1364 494 1426; x_wconf 90' lang='lat' dir='ltr'>quo</span> <span class='ocrx_word' id='word_1_44' title='bbox 506 1366 577 1408; x_wconf 91' lang='lat' dir='ltr'>eurn</span> <span class='ocrx_word' id='word_1_45' title='bbox 591 1342 632 1407; x_wconf 91' lang='lat' dir='ltr'>ab</span> <span class='ocrx_word' id='word_1_46' title='bbox 644 1343 736 1405; x_wconf 89' lang='lat' dir='ltr'>initio</span> <span class='ocrx_word' id='word_1_47' title='bbox 749 1342 814 1404; x_wconf 89' lang='lat' dir='ltr'>dati</span> <span class='ocrx_word' id='word_1_48' title='bbox 826 1340 979 1417; x_wconf 91' lang='lat' dir='ltr'>muneris,</span> <span class='ocrx_word' id='word_1_49' title='bbox 990 1360 1119 1402; x_wconf 89' lang='lat' dir='ltr'>causam</span> <span class='ocrx_word' id='word_1_50' title='bbox 1131 1340 1164 1402; x_wconf 92' lang='lat' dir='ltr'>in</span> <span class='ocrx_word' id='word_1_51' title='bbox 1176 1340 1328 1403; x_wconf 89' lang='lat' dir='ltr'>Romana</span> 
     </span>
     <span class='ocr_line' id='line_1_8' title="bbox 375 1440 1328 1523; baseline -0.002 -16"><span class='ocrx_word' id='word_1_52' title='bbox 375 1446 516 1509; x_wconf 85' lang='lat' dir='ltr'>ecclesia</span> <span class='ocrx_word' id='word_1_53' title='bbox 545 1444 760 1509; x_wconf 83' lang='lat' dir='ltr'>ventilandam</span> <span class='ocrx_word' id='word_1_54' title='bbox 786 1443 934 1506; x_wconf 87' lang='lat' dir='ltr'>habuisse</span> <span class='ocrx_word' id='word_1_55' title='bbox 963 1442 1120 1523; x_wconf 88' lang='lat' dir='ltr'>cognovit.</span> <span class='ocrx_word' id='word_1_56' title='bbox 1168 1440 1267 1514; x_wconf 90' lang='lat' dir='ltr'>Quod</span> <span class='ocrx_word' id='word_1_57' title='bbox 1293 1452 1328 1505; x_wconf 86' lang='lat' dir='ltr'>et</span> 
     </span>
     <span class='ocr_line' id='line_1_9' title="bbox 373 1543 1327 1629; baseline -0.003 -21"><span class='ocrx_word' id='word_1_58' title='bbox 373 1547 501 1629; x_wconf 79' lang='lat' dir='ltr'>plenius</span> <span class='ocrx_word' id='word_1_59' title='bbox 541 1549 575 1612; x_wconf 89' lang='lat' dir='ltr'>S.</span> <span class='ocrx_word' id='word_1_60' title='bbox 615 1545 798 1610; x_wconf 90' lang='lat' dir='ltr'>Bernardus</span> <span class='ocrx_word' id='word_1_61' title='bbox 839 1543 1085 1608; x_wconf 80' lang='lat' dir='ltr'>clarevallensis</span> <span class='ocrx_word' id='word_1_62' title='bbox 1123 1544 1234 1616; x_wconf 84' lang='lat' dir='ltr'>abbas,</span> <span class='ocrx_word' id='word_1_63' title='bbox 1268 1544 1327 1627; x_wconf 93' lang='lat' dir='ltr'>qui</span> 
     </span>
     <span class='ocr_line' id='line_1_10' title="bbox 372 1643 1328 1733; baseline -0.005 -23"><span class='ocrx_word' id='word_1_64' title='bbox 372 1669 447 1711; x_wconf 90' lang='lat' dir='ltr'>eum</span> <span class='ocrx_word' id='word_1_65' title='bbox 476 1649 647 1733; x_wconf 88' lang='lat' dir='ltr'>perfectius</span> <span class='ocrx_word' id='word_1_66' title='bbox 676 1657 817 1721; x_wconf 84' lang='lat' dir='ltr'>noverat,</span> <span class='ocrx_word' id='word_1_67' title='bbox 847 1645 941 1708; x_wconf 78' lang='lat' dir='ltr'>refert</span> <span class='ocrx_word' id='word_1_68' title='bbox 968 1645 1002 1706; x_wconf 90' lang='lat' dir='ltr'>in</span> <span class='ocrx_word' id='word_1_69' title='bbox 1030 1645 1114 1706; x_wconf 91' lang='lat' dir='ltr'>libro</span> <span class='ocrx_word' id='word_1_70' title='bbox 1137 1643 1328 1723; x_wconf 78' lang='lat' dir='ltr'>doctrinali,</span> 
     </span>
     <span class='ocr_line' id='line_1_11' title="bbox 373 1745 1326 1833; baseline -0.007 -19"><span class='ocrx_word' id='word_1_71' title='bbox 373 1771 469 1833; x_wconf 90' lang='lat' dir='ltr'>quern</span> <span class='ocrx_word' id='word_1_72' title='bbox 484 1750 526 1813; x_wconf 91' lang='lat' dir='ltr'>ad</span> <span class='ocrx_word' id='word_1_73' title='bbox 549 1751 581 1814; x_wconf 88' lang='lat' dir='ltr'>S.</span> <span class='ocrx_word' id='word_1_74' title='bbox 602 1749 786 1830; x_wconf 85' lang='lat' dir='ltr'>Eugenium</span> <span class='ocrx_word' id='word_1_75' title='bbox 801 1748 841 1809; x_wconf 91' lang='lat' dir='ltr'>de</span> <span class='ocrx_word' id='word_1_76' title='bbox 864 1745 1136 1829; x_wconf 86' lang='lat' dir='ltr'>contemplatione</span> <span class='ocrx_word' id='word_1_77' title='bbox 1150 1746 1202 1807; x_wconf 91' lang='lat' dir='ltr'>vel</span> <span class='ocrx_word' id='word_1_78' title='bbox 1216 1745 1326 1808; x_wconf 89' lang='lat' dir='ltr'>consi-</span> 
     </span>
     <span class='ocr_line' id='line_1_12' title="bbox 372 1844 1328 1930; baseline -0.004 -20"><span class='ocrx_word' id='word_1_79' title='bbox 372 1848 536 1914; x_wconf 88' lang='lat' dir='ltr'>deratione</span> <span class='ocrx_word' id='word_1_80' title='bbox 569 1850 687 1913; x_wconf 89' lang='lat' dir='ltr'>scribit.</span> <span class='ocrx_word' id='word_1_81' title='bbox 746 1849 855 1911; x_wconf 85' lang='lat' dir='ltr'>Taceo</span> <span class='ocrx_word' id='word_1_82' title='bbox 891 1845 977 1930; x_wconf 92' lang='lat' dir='ltr'>quod</span> <span class='ocrx_word' id='word_1_83' title='bbox 1013 1844 1205 1907; x_wconf 87' lang='lat' dir='ltr'>venerabilis</span> <span class='ocrx_word' id='word_1_84' title='bbox 1233 1853 1328 1927; x_wconf 86' lang='lat' dir='ltr'>pater</span> 
     </span>
     <span class='ocr_line' id='line_1_13' title="bbox 373 1945 1325 2030; baseline -0.002 -19"><span class='ocrx_word' id='word_1_85' title='bbox 373 1951 547 2013; x_wconf 87' lang='lat' dir='ltr'>Gaufridus</span> <span class='ocrx_word' id='word_1_86' title='bbox 577 1950 794 2026; x_wconf 90' lang='lat' dir='ltr'>Carnotensis,</span> <span class='ocrx_word' id='word_1_87' title='bbox 819 1949 943 2029; x_wconf 90' lang='lat' dir='ltr'>legatus</span> <span class='ocrx_word' id='word_1_88' title='bbox 973 1945 1166 2030; x_wconf 81' lang='lat' dir='ltr'>Aquitaniae,</span> <span class='ocrx_word' id='word_1_89' title='bbox 1196 1946 1325 2028; x_wconf 87' lang='lat' dir='ltr'>provin·</span> 
     </span>
     <span class='ocr_line' id='line_1_14' title="bbox 372 2033 1327 2133; baseline -0.002 -18"><span class='ocrx_word' id='word_1_90' title='bbox 372 2052 498 2115; x_wconf 91' lang='lat' dir='ltr'>cialium</span> <span class='ocrx_word' id='word_1_91' title='bbox 515 2074 644 2115; x_wconf 89' lang='lat' dir='ltr'>munera</span> <span class='ocrx_word' id='word_1_92' title='bbox 658 2074 724 2114; x_wconf 93' lang='lat' dir='ltr'>non</span> <span class='ocrx_word' id='word_1_93' title='bbox 739 2048 871 2133; x_wconf 91' lang='lat' dir='ltr'>recepit,</span> <span class='ocrx_word' id='word_1_94' title='bbox 886 2050 948 2113; x_wconf 91' lang='lat' dir='ltr'>nisi</span> <span class='ocrx_word' id='word_1_95' title='bbox 963 2050 995 2111; x_wconf 94' lang='lat' dir='ltr'>in</span> <span class='ocrx_word' id='word_1_96' title='bbox 1012 2068 1109 2113; x_wconf 89' lang='lat' dir='ltr'>causa</span> <span class='ocrx_word' id='word_1_97' title='bbox 1122 2033 1278 2112; x_wconf 86' lang='lat' dir='ltr'>esculenti</span> <span class='ocrx_word' id='word_1_98' title='bbox 1294 2060 1327 2113; x_wconf 91' lang='lat' dir='ltr'>et</span> 
     </span>
     <span class='ocr_line' id='line_1_15' title="bbox 370 2148 1328 2235; baseline 0.001 -22"><span class='ocrx_word' id='word_1_99' title='bbox 370 2154 544 2235; x_wconf 88' lang='lat' dir='ltr'>poculenti,</span> <span class='ocrx_word' id='word_1_100' title='bbox 560 2165 591 2214; x_wconf 89' lang='lat' dir='ltr'>et</span> <span class='ocrx_word' id='word_1_101' title='bbox 604 2153 668 2213; x_wconf 91' lang='lat' dir='ltr'>hoc</span> <span class='ocrx_word' id='word_1_102' title='bbox 691 2173 765 2214; x_wconf 92' lang='lat' dir='ltr'>cum</span> <span class='ocrx_word' id='word_1_103' title='bbox 780 2172 905 2214; x_wconf 88' lang='lat' dir='ltr'>summa</span> <span class='ocrx_word' id='word_1_104' title='bbox 919 2151 1122 2231; x_wconf 82' lang='lat' dir='ltr'>frugalitate3</span> <span class='ocrx_word' id='word_1_105' title='bbox 1145 2148 1201 2213; x_wconf 89' lang='lat' dir='ltr'>sed</span> <span class='ocrx_word' id='word_1_106' title='bbox 1216 2150 1328 2214; x_wconf 89' lang='lat' dir='ltr'>omnia</span> 
     </span>
     <span class='ocr_line' id='line_1_16' title="bbox 371 2251 1327 2334; baseline 0.002 -19"><span class='ocrx_word' id='word_1_107' title='bbox 371 2273 444 2334; x_wconf 87' lang='lat' dir='ltr'>quae</span> <span class='ocrx_word' id='word_1_108' title='bbox 466 2252 500 2313; x_wconf 93' lang='lat' dir='ltr'>in</span> <span class='ocrx_word' id='word_1_109' title='bbox 524 2252 692 2313; x_wconf 85' lang='lat' dir='ltr'>xeniorum</span> <span class='ocrx_word' id='word_1_110' title='bbox 719 2251 841 2314; x_wconf 88' lang='lat' dir='ltr'>ratione</span> <span class='ocrx_word' id='word_1_111' title='bbox 869 2253 1096 2329; x_wconf 84' lang='lat' dir='ltr'>offerebantur,</span> <span class='ocrx_word' id='word_1_112' title='bbox 1121 2263 1157 2315; x_wconf 92' lang='lat' dir='ltr'>ut</span> <span class='ocrx_word' id='word_1_113' title='bbox 1186 2260 1327 2317; x_wconf 87' lang='lat' dir='ltr'>stercora</span> 
     </span>
     <span class='ocr_line' id='line_1_17' title="bbox 373 2352 1327 2436; baseline -0.002 -19"><span class='ocrx_word' id='word_1_114' title='bbox 373 2355 610 2417; x_wconf 89' lang='lat' dir='ltr'>contemnebat.</span> <span class='ocrx_word' id='word_1_115' title='bbox 655 2352 807 2416; x_wconf 88' lang='lat' dir='ltr'>Testatur</span> <span class='ocrx_word' id='word_1_116' title='bbox 822 2363 952 2415; x_wconf 87' lang='lat' dir='ltr'>sanctus</span> <span class='ocrx_word' id='word_1_117' title='bbox 967 2353 1220 2429; x_wconf 74' lang='lat' dir='ltr'>clarevallensis,</span> <span class='ocrx_word' id='word_1_118' title='bbox 1235 2352 1327 2436; x_wconf 92' lang='lat' dir='ltr'>quod</span> 
     </span>
     <span class='ocr_line' id='line_1_18' title="bbox 370 2451 1326 2540; baseline -0.002 -21"><span class='ocrx_word' id='word_1_119' title='bbox 370 2457 505 2539; x_wconf 86' lang='lat' dir='ltr'>piscem,</span> <span class='ocrx_word' id='word_1_120' title='bbox 522 2477 616 2540; x_wconf 92' lang='lat' dir='ltr'>quem</span> <span class='ocrx_word' id='word_1_121' title='bbox 632 2451 728 2538; x_wconf 82' lang='lat' dir='ltr'>vulgo</span> <span class='ocrx_word' id='word_1_122' title='bbox 751 2454 923 2518; x_wconf 89' lang='lat' dir='ltr'>sturionem</span> <span class='ocrx_word' id='word_1_123' title='bbox 940 2452 1061 2532; x_wconf 89' lang='lat' dir='ltr'>dicunt,</span> <span class='ocrx_word' id='word_1_124' title='bbox 1077 2476 1096 2517; x_wconf 89' lang='lat' dir='ltr'>a</span> <span class='ocrx_word' id='word_1_125' title='bbox 1110 2454 1227 2517; x_wconf 78' lang='lat' dir='ltr'>devoto</span> <span class='ocrx_word' id='word_1_126' title='bbox 1242 2475 1326 2536; x_wconf 92' lang='lat' dir='ltr'>quo·</span> 
     </span>
     <span class='ocr_line' id='line_1_19' title="bbox 370 2553 1323 2640; baseline -0.002 -19"><span class='ocrx_word' id='word_1_127' title='bbox 370 2559 444 2622; x_wconf 89' lang='lat' dir='ltr'>dam</span> <span class='ocrx_word' id='word_1_128' title='bbox 460 2559 629 2640; x_wconf 80' lang='lat' dir='ltr'>legationis</span> <span class='ocrx_word' id='word_1_129' title='bbox 644 2581 709 2622; x_wconf 86' lang='lat' dir='ltr'>suae</span> <span class='ocrx_word' id='word_1_130' title='bbox 730 2558 846 2621; x_wconf 86' lang='lat' dir='ltr'>clerico</span> <span class='ocrx_word' id='word_1_131' title='bbox 861 2557 958 2639; x_wconf 89' lang='lat' dir='ltr'>gratis</span> <span class='ocrx_word' id='word_1_132' title='bbox 972 2556 1117 2638; x_wconf 90' lang='lat' dir='ltr'>accipere</span> <span class='ocrx_word' id='word_1_133' title='bbox 1132 2553 1243 2632; x_wconf 91' lang='lat' dir='ltr'>noluit,</span> <span class='ocrx_word' id='word_1_134' title='bbox 1260 2576 1323 2619; x_wconf 90' lang='lat' dir='ltr'>nec</span> 
     </span>
    </p>
   </div>
   <div class='ocr_carea' id='block_1_3' title="bbox 369 2656 1323 2843">
    <p class='ocr_par' dir='ltr' id='par_1_3' title="bbox 369 2656 1323 2843">
     <span class='ocr_line' id='line_1_20' title="bbox 369 2656 1323 2743; baseline -0.005 -19"><span class='ocrx_word' id='word_1_135' title='bbox 369 2670 444 2724; x_wconf 88' lang='lat' dir='ltr'>ante</span> <span class='ocrx_word' id='word_1_136' title='bbox 468 2661 629 2743; x_wconf 88' lang='lat' dir='ltr'>acquievit</span> <span class='ocrx_word' id='word_1_137' title='bbox 658 2661 819 2723; x_wconf 88' lang='lat' dir='ltr'>offerentis</span> <span class='ocrx_word' id='word_1_138' title='bbox 845 2656 1052 2741; x_wconf 89' lang='lat' dir='ltr'>improbitati,</span> <span class='ocrx_word' id='word_1_139' title='bbox 1077 2677 1174 2741; x_wconf 90' lang='lat' dir='ltr'>quarn</span> <span class='ocrx_word' id='word_1_140' title='bbox 1204 2656 1233 2719; x_wconf 90' lang='lat' dir='ltr'>ei</span> <span class='ocrx_word' id='word_1_141' title='bbox 1262 2677 1323 2739; x_wconf 87' lang='lat' dir='ltr'>pro</span> 
     </span>
     <span class='ocr_line' id='line_1_21' title="bbox 369 2758 979 2843; baseline -0.008 -20"><span class='ocrx_word' id='word_1_142' title='bbox 369 2758 508 2823; x_wconf 87' lang='lat' dir='ltr'>admisso</span> <span class='ocrx_word' id='word_1_143' title='bbox 524 2760 620 2823; x_wconf 86' lang='lat' dir='ltr'>xenio</span> <span class='ocrx_word' id='word_1_144' title='bbox 636 2760 772 2843; x_wconf 91' lang='lat' dir='ltr'>pretium</span> <span class='ocrx_word' id='word_1_145' title='bbox 788 2767 979 2821; x_wconf 88' lang='lat' dir='ltr'>numeraret.</span> 
     </span>
    </p>
   </div>
   <div class='ocr_carea' id='block_1_4' title="bbox 369 2956 1322 3545">
    <p class='ocr_par' dir='ltr' id='par_1_4' title="bbox 369 2956 1322 3545">
     <span class='ocr_line' id='line_1_22' title="bbox 369 2956 1322 3041; baseline -0.005 -19"><span class='ocrx_word' id='word_1_146' title='bbox 369 2958 448 3041; x_wconf 89' lang='lat' dir='ltr'>Cap.</span> <span class='ocrx_word' id='word_1_147' title='bbox 471 2959 519 3022; x_wconf 84' lang='lat'>16.</span> <span class='ocrx_word' id='word_1_148' title='bbox 543 2956 595 3019; x_wconf 89' lang='lat' dir='ltr'>De</span> <span class='ocrx_word' id='word_1_149' title='bbox 609 2958 744 3020; x_wconf 82' lang='lat' dir='ltr'>crimine</span> <span class='ocrx_word' id='word_1_150' title='bbox 758 2956 1026 3038; x_wconf 78' lang='lat' dir='ltr'>repetundarum,</span> <span class='ocrx_word' id='word_1_151' title='bbox 1042 2976 1103 3039; x_wconf 83' lang='lat' dir='ltr'>quo</span> <span class='ocrx_word' id='word_1_152' title='bbox 1119 2961 1322 3017; x_wconf 65' lang='lat' dir='ltr'>leccatore!</span> 
     </span>
     <span class='ocr_line' id='line_1_23' title="bbox 409 3057 1321 3140; baseline -0.002 -19"><span class='ocrx_word' id='word_1_153' title='bbox 409 3059 574 3138; x_wconf 70' lang='lat' dir='ltr'>praesides,</span> <span class='ocrx_word' id='word_1_154' title='bbox 588 3058 768 3140; x_wconf 83' lang='lat' dir='ltr'>etjudicea,</span> <span class='ocrx_word' id='word_1_155' title='bbox 782 3060 840 3138; x_wconf 84' lang='lat' dir='ltr'>qui</span> <span class='ocrx_word' id='word_1_156' title='bbox 853 3057 984 3140; x_wconf 83' lang='lat' dir='ltr'>aliquid</span> <span class='ocrx_word' id='word_1_157' title='bbox 1005 3058 1133 3119; x_wconf 73' lang='lat' dir='ltr'>omnim</span> <span class='ocrx_word' id='word_1_158' title='bbox 1150 3058 1321 3137; x_wconf 76' lang='lat' dir='ltr'>occipiunt</span> 
     </span>
     <span class='ocr_line' id='line_1_24' title="bbox 407 3157 1321 3243; baseline -0.001 -20"><span class='ocrx_word' id='word_1_159' title='bbox 407 3168 545 3243; x_wconf 81' lang='lat' dir='ltr'>propter</span> <span class='ocrx_word' id='word_1_160' title='bbox 558 3178 615 3223; x_wconf 79' lang='lat' dir='ltr'>eat</span> <span class='ocrx_word' id='word_1_161' title='bbox 628 3180 689 3237; x_wconf 79' lang='lat' dir='ltr'>res,</span> <span class='ocrx_word' id='word_1_162' title='bbox 704 3180 773 3239; x_wconf 81' lang='lat' dir='ltr'>quc</span> <span class='ocrx_word' id='word_1_163' title='bbox 789 3159 851 3222; x_wconf 81' lang='lat' dir='ltr'>sihi</span> <span class='ocrx_word' id='word_1_164' title='bbox 865 3168 942 3222; x_wconf 79' lang='lat' dir='ltr'>suot</span> <span class='ocrx_word' id='word_1_165' title='bbox 957 3180 999 3221; x_wconf 77' lang='lat' dir='ltr'>ec</span> <span class='ocrx_word' id='word_1_166' title='bbox 1014 3157 1117 3242; x_wconf 84' lang='lat' dir='ltr'>officio</span> <span class='ocrx_word' id='word_1_167' title='bbox 1130 3158 1321 3241; x_wconf 74' lang='lat' dir='ltr'>faciendae.-</span> 
     </span>
     <span class='ocr_line' id='line_1_25' title="bbox 410 3259 1322 3343; baseline 0 -19"><span class='ocrx_word' id='word_1_168' title='bbox 410 3272 441 3325; x_wconf 89' lang='lat' dir='ltr'>et</span> <span class='ocrx_word' id='word_1_169' title='bbox 457 3262 497 3324; x_wconf 84' lang='lat' dir='ltr'>de</span> <span class='ocrx_word' id='word_1_170' title='bbox 513 3262 674 3337; x_wconf 82' lang='lat' dir='ltr'>Samuele,</span> <span class='ocrx_word' id='word_1_171' title='bbox 689 3263 747 3343; x_wconf 82' lang='lat' dir='ltr'>qui</span> <span class='ocrx_word' id='word_1_172' title='bbox 762 3261 851 3323; x_wconf 82' lang='lat' dir='ltr'>docet</span> <span class='ocrx_word' id='word_1_173' title='bbox 864 3261 947 3343; x_wconf 80' lang='lat' dir='ltr'>jope</span> <span class='ocrx_word' id='word_1_174' title='bbox 967 3259 1165 3341; x_wconf 67' lang='lat' dir='ltr'>sacraficium</span> <span class='ocrx_word' id='word_1_175' title='bbox 1184 3279 1251 3323; x_wconf 81' lang='lat' dir='ltr'>esse</span> <span class='ocrx_word' id='word_1_176' title='bbox 1264 3263 1322 3324; x_wconf 83' lang='lat' dir='ltr'>de·</span> 
     </span>
     <span class='ocr_line' id='line_1_26' title="bbox 410 3363 1321 3446; baseline -0.001 -19"><span class='ocrx_word' id='word_1_177' title='bbox 410 3365 481 3427; x_wconf 78' lang='lat' dir='ltr'>bere</span> <span class='ocrx_word' id='word_1_178' title='bbox 501 3366 539 3427; x_wconf 77' lang='lat' dir='ltr'>iu</span> <span class='ocrx_word' id='word_1_179' title='bbox 559 3364 649 3425; x_wconf 87' lang='lat' dir='ltr'>domo</span> <span class='ocrx_word' id='word_1_180' title='bbox 660 3364 799 3446; x_wconf 80' lang='lat' dir='ltr'>judicis,</span> <span class='ocrx_word' id='word_1_181' title='bbox 816 3385 886 3446; x_wconf 80' lang='lat' dir='ltr'>quc</span> <span class='ocrx_word' id='word_1_182' title='bbox 907 3364 1047 3444; x_wconf 81' lang='lat' dir='ltr'>seipsam</span> <span class='ocrx_word' id='word_1_183' title='bbox 1070 3364 1231 3425; x_wconf 82' lang='lat' dir='ltr'>oblatione</span> <span class='ocrx_word' id='word_1_184' title='bbox 1245 3363 1321 3446; x_wconf 79' lang='lat' dir='ltr'>jus·</span> 
     </span>
     <span class='ocr_line' id='line_1_27' title="bbox 412 3464 1277 3545; baseline -0.002 -16"><span class='ocrx_word' id='word_1_185' title='bbox 412 3470 506 3545; x_wconf 73' lang='lat' dir='ltr'>titire,</span> <span class='ocrx_word' id='word_1_186' title='bbox 521 3476 553 3530; x_wconf 85' lang='lat' dir='ltr'>et</span> <span class='ocrx_word' id='word_1_187' title='bbox 570 3466 723 3529; x_wconf 79' lang='lat' dir='ltr'>bonorum</span> <span class='ocrx_word' id='word_1_188' title='bbox 740 3486 871 3545; x_wconf 82' lang='lat' dir='ltr'>operum</span> <span class='ocrx_word' id='word_1_189' title='bbox 887 3464 1014 3527; x_wconf 77' lang='lat' dir='ltr'>exhibet</span> <span class='ocrx_word' id='word_1_190' title='bbox 1031 3467 1183 3545; x_wconf 83' lang='lat' dir='ltr'>templum</span> <span class='ocrx_word' id='word_1_191' title='bbox 1201 3466 1277 3527; x_wconf 85' lang='lat' dir='ltr'>Dei.</span> 
     </span>
    </p>
   </div>
   <div class='ocr_carea' id='block_1_5' title="bbox 365 3590 1322 4385">
    <p class='ocr_par' dir='ltr' id='par_1_5' title="bbox 365 3590 1322 4385">
     <span class='ocr_line' id='line_1_28' title="bbox 412 3590 1322 3669; baseline 0.003 -16"><span class='ocrx_word' id='word_1_192' title='bbox 412 3593 482 3654; x_wconf 84' lang='lat' dir='ltr'>Snn</span> <span class='ocrx_word' id='word_1_193' title='bbox 511 3593 787 3656; x_wconf 90' lang='lat' dir='ltr'>crebrescentibus</span> <span class='ocrx_word' id='word_1_194' title='bbox 817 3592 914 3669; x_wconf 88' lang='lat' dir='ltr'>vitiis,</span> <span class='ocrx_word' id='word_1_195' title='bbox 944 3591 1039 3653; x_wconf 88' lang='lat' dir='ltr'>etiam</span> <span class='ocrx_word' id='word_1_196' title='bbox 1068 3590 1101 3652; x_wconf 91' lang='lat' dir='ltr'>in</span> <span class='ocrx_word' id='word_1_197' title='bbox 1133 3591 1219 3653; x_wconf 89' lang='lat' dir='ltr'>clero</span> <span class='ocrx_word' id='word_1_198' title='bbox 1247 3602 1322 3656; x_wconf 89' lang='lat' dir='ltr'>sunt</span> 
     </span>
     <span class='ocr_line' id='line_1_29' title="bbox 365 3690 1321 3773; baseline 0 -18"><span class='ocrx_word' id='word_1_199' title='bbox 365 3690 463 3755; x_wconf 88' lang='lat' dir='ltr'>hodie</span> <span class='ocrx_word' id='word_1_200' title='bbox 494 3693 699 3755; x_wconf 88' lang='lat' dir='ltr'>continentiae</span> <span class='ocrx_word' id='word_1_201' title='bbox 726 3704 822 3755; x_wconf 83' lang='lat' dir='ltr'>tantae</span> <span class='ocrx_word' id='word_1_202' title='bbox 852 3693 1000 3772; x_wconf 88' lang='lat' dir='ltr'>exempla</span> <span class='ocrx_word' id='word_1_203' title='bbox 1026 3692 1193 3763; x_wconf 89' lang='lat' dir='ltr'>rarissima,</span> <span class='ocrx_word' id='word_1_204' title='bbox 1221 3712 1321 3773; x_wconf 89' lang='lat' dir='ltr'>quum</span> 
     </span>
     <span class='ocr_line' id='line_1_30' title="bbox 367 3791 1322 3871; baseline -0.002 -14"><span class='ocrx_word' id='word_1_205' title='bbox 367 3805 474 3857; x_wconf 90' lang='lat' dir='ltr'>tamen</span> <span class='ocrx_word' id='word_1_206' title='bbox 499 3791 538 3852; x_wconf 90' lang='lat' dir='ltr'>de</span> <span class='ocrx_word' id='word_1_207' title='bbox 555 3813 687 3853; x_wconf 91' lang='lat' dir='ltr'>censura</span> <span class='ocrx_word' id='word_1_208' title='bbox 706 3793 827 3871; x_wconf 92' lang='lat' dir='ltr'>legum,</span> <span class='ocrx_word' id='word_1_209' title='bbox 847 3813 970 3854; x_wconf 87' lang='lat' dir='ltr'>summa</span> <span class='ocrx_word' id='word_1_210' title='bbox 986 3792 1184 3855; x_wconf 90' lang='lat' dir='ltr'>continentia</span> <span class='ocrx_word' id='word_1_211' title='bbox 1204 3792 1322 3871; x_wconf 88' lang='lat' dir='ltr'>magis·</span> 
     </span>
     <span class='ocr_line' id='line_1_31' title="bbox 366 3888 1321 3974; baseline -0.003 -18"><span class='ocrx_word' id='word_1_212' title='bbox 366 3892 500 3956; x_wconf 89' lang='lat' dir='ltr'>tratibus</span> <span class='ocrx_word' id='word_1_213' title='bbox 523 3888 670 3951; x_wconf 92' lang='lat' dir='ltr'>omnibus</span> <span class='ocrx_word' id='word_1_214' title='bbox 694 3889 734 3950; x_wconf 92' lang='lat' dir='ltr'>sit</span> <span class='ocrx_word' id='word_1_215' title='bbox 754 3890 887 3953; x_wconf 91' lang='lat' dir='ltr'>indicta.</span> <span class='ocrx_word' id='word_1_216' title='bbox 932 3889 1025 3952; x_wconf 89' lang='lat' dir='ltr'>Adeo</span> <span class='ocrx_word' id='word_1_217' title='bbox 1046 3890 1189 3974; x_wconf 90' lang='lat' dir='ltr'>quidem,</span> <span class='ocrx_word' id='word_1_218' title='bbox 1203 3897 1240 3950; x_wconf 90' lang='lat' dir='ltr'>ut</span> <span class='ocrx_word' id='word_1_219' title='bbox 1262 3893 1321 3973; x_wconf 91' lang='lat' dir='ltr'>qui</span> 
     </span>
     <span class='ocr_line' id='line_1_32' title="bbox 367 3988 1319 4075; baseline -0.003 -18"><span class='ocrx_word' id='word_1_220' title='bbox 367 3989 557 4057; x_wconf 89' lang='lat' dir='ltr'>ordinariam</span> <span class='ocrx_word' id='word_1_221' title='bbox 569 3988 702 4069; x_wconf 81' lang='lat' dir='ltr'>gesserit</span> <span class='ocrx_word' id='word_1_222' title='bbox 711 3998 912 4069; x_wconf 89' lang='lat' dir='ltr'>potestatem,</span> <span class='ocrx_word' id='word_1_223' title='bbox 926 3990 1082 4075; x_wconf 91' lang='lat' dir='ltr'>quicquid</span> <span class='ocrx_word' id='word_1_224' title='bbox 1093 4012 1135 4053; x_wconf 89' lang='lat' dir='ltr'>ex</span> <span class='ocrx_word' id='word_1_225' title='bbox 1145 3998 1251 4052; x_wconf 85' lang='lat' dir='ltr'>vetere</span> <span class='ocrx_word' id='word_1_226' title='bbox 1261 3989 1319 4054; x_wconf 89' lang='lat' dir='ltr'>dc·</span> 
     </span>
     <span class='ocr_line' id='line_1_33' title="bbox 365 4090 1320 4178; baseline -0.003 -18"><span class='ocrx_word' id='word_1_227' title='bbox 365 4094 534 4178; x_wconf 89' lang='lat' dir='ltr'>legationis</span> <span class='ocrx_word' id='word_1_228' title='bbox 554 4093 645 4157; x_wconf 89' lang='lat' dir='ltr'>titulo</span> <span class='ocrx_word' id='word_1_229' title='bbox 661 4091 884 4175; x_wconf 81' lang='lat' dir='ltr'>profligaverit,</span> <span class='ocrx_word' id='word_1_230' title='bbox 900 4115 973 4157; x_wconf 93' lang='lat' dir='ltr'>cum</span> <span class='ocrx_word' id='word_1_231' title='bbox 996 4092 1165 4175; x_wconf 90' lang='lat' dir='ltr'>dispendio</span> <span class='ocrx_word' id='word_1_232' title='bbox 1185 4090 1320 4173; x_wconf 88' lang='lat' dir='ltr'>pudoris</span> 
     </span>
     <span class='ocr_line' id='line_1_34' title="bbox 367 4190 1318 4283; baseline -0.006 -20"><span class='ocrx_word' id='word_1_233' title='bbox 367 4216 462 4283; x_wconf 90' lang='lat' dir='ltr'>atque</span> <span class='ocrx_word' id='word_1_234' title='bbox 485 4196 629 4274; x_wconf 81' lang='lat' dir='ltr'>fortunae,</span> <span class='ocrx_word' id='word_1_235' title='bbox 653 4194 686 4257; x_wconf 93' lang='lat' dir='ltr'>id</span> <span class='ocrx_word' id='word_1_236' title='bbox 713 4204 772 4270; x_wconf 91' lang='lat' dir='ltr'>est,</span> <span class='ocrx_word' id='word_1_237' title='bbox 796 4194 926 4259; x_wconf 91' lang='lat' dir='ltr'>donoris</span> <span class='ocrx_word' id='word_1_238' title='bbox 953 4208 1048 4279; x_wconf 89' lang='lat' dir='ltr'>atque</span> <span class='ocrx_word' id='word_1_239' title='bbox 1075 4190 1249 4274; x_wconf 88' lang='lat' dir='ltr'>dignitatis,</span> <span class='ocrx_word' id='word_1_240' title='bbox 1278 4193 1318 4258; x_wconf 91' lang='lat' dir='ltr'>de</span> 
     </span>
     <span class='ocr_line' id='line_1_35' title="bbox 366 4294 1320 4385; baseline -0.005 -21"><span class='ocrx_word' id='word_1_241' title='bbox 366 4299 503 4385; x_wconf 90' lang='lat' dir='ltr'>propriis</span> <span class='ocrx_word' id='word_1_242' title='bbox 517 4298 722 4363; x_wconf 86' lang='lat' dir='ltr'>facultatibus</span> <span class='ocrx_word' id='word_1_243' title='bbox 745 4297 828 4361; x_wconf 88' lang='lat' dir='ltr'>intra</span> <span class='ocrx_word' id='word_1_244' title='bbox 850 4297 1045 4380; x_wconf 88' lang='lat' dir='ltr'>provinciam</span> <span class='ocrx_word' id='word_1_245' title='bbox 1063 4294 1188 4378; x_wconf 91' lang='lat' dir='ltr'>positus</span> <span class='ocrx_word' id='word_1_246' title='bbox 1203 4296 1320 4367; x_wconf 38' lang='lat' dir='ltr'>inferre.</span> 
     </span>
    </p>
   </div>
   <div class='ocr_carea' id='block_1_6' title="bbox 0 0 1696 5234">
    <p class='ocr_par' dir='ltr' id='par_1_6' title="bbox 0 0 1696 5234">
     <span class='ocr_line' id='line_1_36' title="bbox 0 0 1696 5234; baseline 0 2"><span class='ocrx_word' id='word_1_247' title='bbox 0 0 1696 5234; x_wconf 95' lang='lat' dir='ltr'> </span> 
     </span>
    </p>
   </div>
  </div>
 </body>
</html>
