3384 5234
373 611 437 670 250
634 622 768 667 Jonnrns
785 621 1063 666 sanasnnamnsrs
1185 605 1268 683 [sm.
1285 627 1326 670 w.

372 786 518 839 mentum
540 773 703 848 subsistat,
727 773 806 858 quid
833 773 865 836 in
890 796 928 836 eo
948 773 1067 859 poterit
1090 796 1159 838 esse
1182 774 1324 860 longum,

370 897 472 961 quum
483 898 521 937 ea
529 879 646 952 omnia,
659 875 683 939 si
694 874 887 957 colligantur
895 874 927 938 in
938 896 1144 951 unum,verae
1154 878 1322 943 aeternitati

369 976 495 1053 collata,
511 999 568 1040 nec
583 976 695 1064 puncti
712 975 840 1063 quidem
864 976 970 1041 locum
985 977 1162 1055 obtineant,
1178 1002 1216 1043 eo
1237 980 1324 1064 quod

370 1077 531 1143 finitorum
558 1079 599 1144 ad
625 1078 750 1142 infinita
772 1077 901 1142 omnino
925 1078 1014 1142 nulla
1035 1091 1084 1144 est
1106 1082 1322 1165 comparatio?

370 1180 467 1244 Certe
493 1183 593 1244 centri
619 1179 660 1243 ad
685 1179 844 1267 περιφεςίαν
869 1179 918 1243 vel
945 1180 1240 1260 circumferentiam,
1261 1182 1321 1244 etsi

369 1280 495 1366 exigua,
518 1281 628 1367 aliqua
650 1294 767 1361 tamen,
790 1296 827 1348 ut
853 1281 998 1368 pluribus
1023 1282 1137 1367 placet,
1157 1281 1320 1367 proportio

369 1396 436 1461 est;
466 1383 653 1449 aeternitatis
675 1398 707 1449 et
733 1386 886 1471 temporis
908 1386 1004 1451 nulla.
1049 1384 1134 1463 Quid
1157 1406 1232 1467 ergo
1252 1384 1319 1445 lon·

367 1507 444 1569 gum
460 1486 521 1549 erit
535 1485 568 1548 in
583 1509 632 1564 eo,
648 1486 735 1572 quod
752 1500 857 1553 totum
876 1489 972 1553 breve
985 1499 1052 1551 est:
1081 1497 1137 1550 aut
1157 1508 1229 1571 quae
1246 1484 1316 1547 bea-

367 1586 472 1652 titudo
484 1588 636 1673 temporis
650 1590 763 1653 animae
775 1590 936 1656 videbitur
949 1590 1112 1670 diuturna,
1124 1588 1151 1652 si
1165 1611 1201 1651 ea
1216 1586 1318 1652 fidelis

368 1699 400 1751 et
422 1699 577 1773 perpetua
603 1690 720 1770 anima,
741 1704 788 1755 est
808 1690 1010 1777 ‘quantolibet
1033 1703 1176 1777 tempore
1199 1711 1323 1753 emenso

367 1788 531 1854 caritura?
570 1792 635 1857 Sed
650 1815 711 1877 ego
725 1796 757 1857 in
774 1792 842 1857 loco
863 1794 935 1870 isto,
953 1806 988 1858 nt
1004 1807 1109 1858 tamen
1127 1794 1193 1858 sine
1207 1792 1324 1878 praeju-

367 1892 451 1956 dicio
474 1895 639 1958 sententiae
665 1895 802 1958 melioris
830 1896 879 1957 vel
904 1895 1035 1959 sanioris
1061 1895 1182 1959 dictum
1210 1892 1326 1958 intelli-

367 2006 474 2079 gutur,
500 1994 587 2081 longi
615 1996 764 2081 temporis
795 2018 927 2078 regnum
955 1995 1016 2058 dici
1048 1996 1196 2070 arbitror,
1222 1997 1323 2079 ipsius

368 2095 481 2160 animae
504 2096 713 2161 indeficientis
742 2108 881 2174 aetatem,
904 2116 999 2179 quam
1030 2115 1089 2179 pro
1119 2095 1199 2158 bene
1221 2094 1320 2158 admi·

367 2198 502 2262 nistrato
520 2219 630 2282 regno,
645 2208 773 2261 aeternae
793 2194 1000 2259 beatitudinis
1020 2193 1123 2280 gloria
1143 2196 1318 2260 coronabit.

369 2301 476 2377 Quum
490 2299 571 2363 enim
588 2309 711 2362 certum
725 2300 766 2363 sit
782 2296 868 2384 quod
885 2298 975 2359 Deus
989 2295 1207 2360 remunerabit
1222 2319 1319 2382 opera

368 2399 565 2485 singulorum
582 2413 614 2464 et
635 2399 776 2464 omnium
794 2402 826 2463 in
842 2396 1056 2462 misericordia
1071 2399 1174 2477 uberi,
1190 2400 1239 2463 vel
1251 2401 1321 2486 jus·

368 2504 439 2568 titia
461 2503 614 2589 pleniori;
651 2524 732 2587 qnos
755 2499 874 2565 lumine
895 2498 1019 2563 clariori
1042 2503 1198 2585 respiciet,
1223 2524 1318 2585 quam

367 2605 437 2669 illos
466 2602 523 2691 qui
553 2627 660 2669 omnes
690 2603 729 2668 ad
757 2602 919 2691 justitiam
944 2614 1107 2679 exercent,
1134 2601 1184 2666 vel
1214 2626 1316 2667 secum

366 2707 522 2774 traxerint
544 2706 586 2770 ad
608 2711 766 2771 mortem?
806 2705 896 2769 Sicut
917 2727 993 2789 ergo
1012 2717 1159 2791 potentes
1172 2718 1319 2791 potenter

367 2823 524 2875 tormenta
544 2808 719 2893 patientur,
740 2808 783 2872 sic
805 2820 835 2871 et
853 2805 990 2893 justitiae
1009 2807 1150 2893 praemiis
1170 2808 1318 2872 fruentur

366 2911 503 2997 plenius,
522 2910 548 2973 si
570 2923 655 2975 recte
677 2908 875 2973 exercuerint
899 2921 1117 2994 potentatum3
1144 2922 1177 2974 et
1198 2921 1317 2973 tantam

367 3014 398 3076 in
421 3014 532 3077 futuro
547 3033 618 3098 prae
634 3010 770 3077 subditis
784 3011 948 3075 habebunt
964 3009 1111 3096 gloriam,
1126 3002 1246 3098 quanta
1260 3011 1321 3074 vir-

367 3128 437 3181 tute
457 3138 510 3178 eos
531 3114 564 3177 in
585 3136 700 3199 magna
720 3111 927 3198 delinquendi
943 3112 1070 3177 licentia
1084 3128 1320 3199 praecesserunt.

368 3219 493 3295 Potuit,
508 3217 625 3303 inquit,
647 3216 847 3302 transgredi3
876 3227 908 3279 et
929 3238 991 3279 non
1014 3228 1061 3280 est
1083 3229 1319 3303 transgressus3

366 3320 469 3385 facere
495 3319 589 3394 mala,
613 3331 644 3383 et
666 3342 729 3382 non
753 3319 846 3384 fecit:
878 3317 950 3381 ideo
972 3318 1113 3384 stabilita
1135 3332 1211 3384 sunt
1232 3321 1316 3383 bona

368 3422 454 3488 illius
475 3427 506 3488 in
529 3421 677 3487 Domino.
725 3420 774 3485 Ad
791 3420 949 3506 justitiam
966 3443 1104 3507 namque
1119 3422 1319 3507 principibus

367 3535 536 3606 reputatur
550 3522 646 3586 etiam
662 3545 765 3608 quum
782 3532 959 3607 temperant
974 3525 1015 3585 ab
1038 3522 1186 3606 injuriis.-
1217 3535 1249 3585 et
1272 3522 1318 3583 fa-

366 3620 469 3686 cultas
491 3622 708 3706 delinquendi,
727 3637 774 3688 est
795 3624 839 3685 eis
862 3620 993 3683 materia
1012 3622 1207 3685 meritorum.
1253 3625 1318 3683 De-

367 3723 486 3789 clinare
508 3746 527 3786 a
553 3722 637 3785 malo
666 3722 698 3785 in
722 3723 766 3785 eis
795 3742 946 3805 magnum
970 3733 1029 3796 est,
1053 3721 1175 3785 etiamsi
1202 3743 1317 3803 magna

367 3826 450 3890 bona
472 3848 533 3890 non
557 3822 688 3904 faciunt,
710 3823 789 3887 dum
812 3835 917 3886 tamen
946 3820 1092 3885 subditos
1116 3822 1317 3908 indulgentia

367 3927 521 3993 malorum
543 3948 605 3993 non
626 3925 793 4011 perimant.
838 3925 952 3987 Nonne
973 3945 1123 4008 magnum
1148 3938 1208 4005 est,
1226 3926 1315 4011 quod

367 4030 572 4096 beatitudinis
583 4050 679 4116 quarn
689 4028 805 4092 habere
817 4026 978 4104 videntur,
988 4024 1032 4090 eis
1047 4026 1073 4090 si
1085 4041 1170 4092 recte
1181 4029 1314 4113 egerint,

368 4132 567 4220 promittitur
582 4126 804 4196 continuatio?
827 4128 1029 4215 Impossibile
1044 4129 1155 4195 dicunt
1171 4131 1315 4218 quidam,

366 4249 398 4300 et
424 4235 476 4300 hic
501 4234 613 4299 florere
635 4257 707 4298 cum
732 4232 863 4310 mundo,
886 4245 918 4297 et
941 4232 973 4295 in
998 4244 1151 4298 aeternum
1177 4233 1317 4319 gaudere
