3384 5234
406 682 471 741 1⁷0
659 692 795 738 Jonuurs
810 692 1087 738 snnssuuurnusrs
1210 674 1292 754 [tra.
1310 693 1362 739 111.

406 841 563 921 suadebit,
579 851 616 908 ut
635 844 723 930 quod
744 842 878 931 appetit,
894 841 1001 921 faciat,
1018 842 1081 908 “si
1100 842 1206 928 possit,
1223 853 1320 920 recte,
1336 843 1363 908 si

404 968 480 1028 non,
492 967 686 1033 quocunqne
700 946 797 1011 modo
811 950 910 1014 rem.”
942 945 1063 1011 Verum
1078 946 1134 1034 qui
1148 968 1206 1012 suo
1220 946 1363 1029 nomine,

403 1057 441 1114 ut
454 1049 582 1134 propria
597 1049 798 1136 eloquamur,
813 1047 932 1113 dieitur
946 1047 1102 1131 adulator,
1115 1047 1193 1113 vitia
1207 1049 1362 1135 cujusque

400 1150 541 1229 dealbat,
566 1163 599 1217 et
623 1174 663 1217 ne
686 1174 720 1217 se
742 1152 848 1238 ipsum
875 1152 992 1230 videat,
1015 1152 1125 1217 oculos
1151 1151 1363 1239 colloquentis

400 1253 539 1342 quadam
556 1255 642 1320 nube
656 1254 805 1321 vanitatis
820 1254 944 1341 implet,
956 1267 991 1320 et
1004 1277 1097 1321 aures
1108 1254 1195 1321 falsis
1206 1255 1359 1341 praeconi-

401 1378 494 1422 orum
508 1357 611 1423 titulis
626 1358 739 1424 reficit.
786 1358 845 1424 Ait
862 1357 1008 1441 Ethicus,

471 1470 543 1531 Quid
555 1470 623 1539 quod
634 1469 758 1523 adulandi
769 1488 836 1539 gens
847 1471 1048 1543 pmdentissima
1059 1471 1151 1525 laudat

470 1555 622 1606 Sermonem
632 1555 739 1620 indocti,
750 1554 846 1609 faciem
857 1556 979 1610 deformis
990 1558 1076 1623 amici,

470 1639 508 1692 Et
518 1639 624 1707 longum
635 1639 743 1692 invalidi
754 1641 847 1693 collum
858 1643 1000 1695 cervicibus
1011 1647 1097 1712 oeqnat

470 1724 604 1788 Herculis,
614 1724 739 1778 Antaeum
750 1726 838 1797 procul
851 1745 867 1780 a
879 1727 972 1781 tellure
984 1729 1112 1781 tenentis:

469 1808 583 1861 Miratur
594 1826 683 1862 vocem
694 1816 842 1877 angustam,
854 1830 906 1881 qua
917 1812 1030 1865 deterius
1041 1830 1091 1864 nec

468 1895 519 1950 Ille
530 1900 613 1962 sonat,
626 1913 677 1963 quo
688 1897 820 1950 mordetur
831 1897 931 1966 gallina
942 1899 1045 1953 marito.

401 1992 473 2056 Hoc
498 2001 608 2056 autem
634 1990 768 2056 minime
795 1991 923 2057 videtur
945 1991 1076 2070 mirum,
1099 1992 1126 2056 si
1153 1992 1358 2077 perditissimi

398 2093 555 2176 homines,
570 2105 604 2159 et
625 2093 742 2181 quibus
757 2093 809 2159 hic
830 2094 935 2180 gravis
955 2094 1096 2177 morbus,
1111 2104 1145 2159 et
1165 2094 1357 2159 foeculentus

398 2197 540 2264 muudus
560 2195 750 2274 sordidatur,
765 2196 807 2261 ad
827 2208 951 2262 tantam
973 2196 1206 2283 turpitudinem
1227 2209 1358 2283 possunt

396 2298 530 2388 impelli.
570 2300 635 2365 Sed
650 2299 711 2365 hoc
722 2300 827 2388 potius
839 2298 922 2365 duco
933 2298 1090 2379 mirabile,
1102 2300 1189 2388 qnod
1200 2299 1355 2387 populum

395 2403 452 2491 qui
468 2402 528 2469 sibi
539 2403 649 2468 credat
659 2402 810 2480 habeant,
820 2402 876 2490 qui
888 2403 928 2468 de
943 2424 977 2467 se
992 2401 1094 2487 magis
1107 2402 1222 2467 alienae
1234 2403 1354 2488 lingnae

395 2504 588 2593 acquiescat,
611 2526 708 2592 qnam
731 2503 869 2591 propriae
890 2504 1013 2591 judicio
1036 2505 1251 2587 conscientiae,
1273 2505 1352 2569 dum

395 2608 534 2696 seipsum
549 2607 687 2695 quilibet
701 2618 791 2673 extra
805 2630 839 2673 se
855 2608 981 2695 quaerit,
993 2619 1027 2672 et
1042 2629 1133 2673 nosse
1148 2608 1353 2693 dedignatur,

396 2732 495 2798 quam
518 2709 560 2775 sit
582 2710 643 2775 sibi
663 2722 754 2775 curta
777 2711 931 2797 supellex.
976 2711 1066 2776 Nihil
1088 2723 1137 2776 est
1157 2710 1245 2776 enim
1267 2710 1355 2797 quod

397 2814 528 2878 credere
540 2812 581 2877 de
596 2835 630 2878 se
645 2835 710 2878 non
722 2813 819 2898 possit
830 2837 932 2902 quum
943 2813 1101 2893 laudatur,
1113 2837 1177 2880 non
1189 2814 1285 2879 modo
1297 2813 1356 2878 diis

397 2936 492 3002 aeqna
514 2925 665 3001 potestas,
687 2916 744 2981 sed
769 2938 973 3005 quaecunqne
999 2916 1107 2983 anima
1130 2917 1171 2983 de
1197 2917 1357 2984 fermento

396 3018 555 3106 superbiae
570 3018 763 3086 intumescit.

398 3339 478 3425 Cap.
494 3342 524 3405 5.
547 3342 600 3405 De
615 3343 742 3405 cautela
757 3342 976 3419 adulatorum,
990 3350 1021 3406 et
1028 3344 1158 3427 fraude
1173 3345 1355 3427 multiplici,

496 3449 527 3505 et
541 3442 709 3504 comitibus
722 3442 935 3520 adulationis,
951 3449 982 3504 et
995 3445 1122 3524 sequela
1137 3464 1257 3507 eorum.

441 3600 533 3662 Suus
557 3608 674 3677 tamen,
694 3594 751 3682 qui
766 3596 914 3681 vulgares
936 3609 967 3661 et
991 3596 1189 3662 adulationes
1210 3596 1351 3682 plebeias

314 3721 317 3726 ’
396 3722 459 3765 uon
482 3697 666 3773 admittant,
689 3711 726 3760 ut
749 3696 806 3781 qui
830 3696 942 3761 nolunt
964 3695 1019 3760 vili
1043 3709 1217 3780 unguento,
1240 3695 1350 3758 oleove

395 3814 557 3886 corrupto,
565 3798 653 3887 quod
663 3797 811 3864 omuibus
820 3799 924 3874 foetet,
936 3797 1168 3884 inungi,quum
1178 3796 1354 3861 amicorum

394 3916 451 3969 uut
466 3902 670 3969 convivarum
681 3911 838 3986 expetunt
853 3899 998 3984 gratiam.
1023 3900 1108 3978 Quid
1125 3899 1207 3962 enim
1224 3898 1353 3985 turpius

395 4017 454 4085 est,
463 4026 560 4091 quam
576 4003 617 4067 ad
633 4001 787 4065 lenocinia
797 4000 963 4065 histrionis
977 4001 1202 4087 transfigurare
1214 3999 1353 4078 vultum,

395 4120 521 4171 mutare
542 4104 699 4182 habitum,
721 4115 843 4168 motum
867 4103 995 4179 ducere,
1017 4116 1050 4168 et
1074 4125 1136 4167 non
1159 4113 1225 4167 tam
1244 4101 1354 4165 videre

395 4206 504 4284 aliurn,
521 4229 615 4292 quam
632 4229 665 4270 se
681 4203 785 4291 ipsum
801 4227 911 4290 gerere
926 4203 1135 4269 histrionem?
1160 4201 1247 4281 Quid
1265 4202 1355 4289 inep-

396 4311 474 4398 tius,
485 4332 583 4397 quam
599 4331 700 4396 quum
715 4305 797 4372 alius
813 4330 929 4394 magno
943 4306 1034 4373 hiatu
1050 4305 1124 4390 oris,
1136 4306 1178 4372 ad
1194 4320 1226 4372 te
1241 4302 1354 4391 impel-
