3384 5234
429 672 493 732 288
696 682 832 727 Jonuurs
849 680 1126 727 sannsnnrunusrs
1254 662 1336 741 [mn.
1350 684 1385 740 pv.

432 837 461 901 ei
487 834 677 900 abstinentia
701 856 824 897 summa
848 835 1000 919 pepercit,
1025 846 1062 897 ut
1086 855 1124 896 ne
1149 831 1234 896 illam
1255 832 1385 919 quidem

334 943 348 970 '
430 939 597 1024 aspexerit.
643 939 715 1015 Qua
737 958 811 999 mox
834 934 875 998 ad
896 957 1047 1019 sponsum
1068 935 1206 1015 remissa,
1229 937 1387 999 universae

433 1040 535 1123 gentis
556 1062 613 1125 per
635 1039 694 1103 hoc
720 1038 909 1104 beneficium
933 1037 992 1102 sibi
1018 1051 1139 1102 mentes
1161 1037 1385 1102 reconciliavit.

434 1138 484 1204 sic
496 1138 693 1203 humanitate
708 1160 853 1213 suorum,
864 1135 1036 1202 alienorum
1053 1138 1174 1202 animos
1189 1138 1249 1202 sibi
1259 1139 1387 1225 justitia

432 1238 585 1303 devinxit.
633 1238 741 1303 Simile
762 1251 809 1302 est
833 1237 921 1324 qnod
946 1237 1051 1324 Scipio
1067 1238 1237 1303 Africanus
1253 1240 1286 1302 in
1309 1240 1388 1305 His-

432 1341 526 1428 pania
540 1341 641 1426 egisse
662 1338 790 1426 legitur,
805 1342 859 1403 cui
880 1362 981 1425 quum
996 1339 1087 1426 virgo
1108 1339 1223 1406 nobilis
1244 1341 1386 1406 omnium

433 1447 465 1509 in
483 1467 517 1507 se
531 1443 653 1507 decoris
675 1442 883 1507 admiratione
903 1457 1090 1507 convertens
1114 1442 1233 1522 oculos,
1248 1444 1388 1509 adducta

432 1558 523 1621 esset,
539 1568 608 1611 eam
624 1568 739 1632 sponso
754 1545 881 1608 nomine
897 1544 1002 1609 Alicio
1021 1546 1174 1624 reddidit,
1189 1545 1341 1631 adjiciens
1355 1560 1388 1612 et

433 1670 557 1727 aurum,
571 1648 658 1732 quod
674 1661 820 1733 parentes
834 1647 867 1711 in
881 1648 1129 1732 redemptionem
1151 1648 1286 1734 captivae
1301 1662 1388 1714 attu-

432 1754 546 1826 lerant,
560 1763 595 1815 nt
611 1763 690 1814 esset
708 1749 822 1834 virgini
838 1749 871 1812 in
887 1749 1007 1831 dotem,
1021 1763 1078 1815 aut
1093 1753 1208 1816 marito
1222 1750 1253 1813 in
1271 1774 1389 1816 munus

433 1849 585 1938 nuptiale.
632 1854 747 1937 Itaque
777 1850 948 1937 multiplici
977 1851 1212 1936 magnificentia
1242 1851 1390 1916 universa

433 1975 511 2037 gens
527 1951 621 2026 victa,
635 1973 707 2038 qnae
722 1952 805 2016 forte
820 1952 897 2016 alias
908 1975 1033 2017 cessura
1047 1976 1110 2017 non
1122 1953 1238 2031 fuerat,
1251 1953 1389 2018 Romani

433 2053 559 2139 imperii
574 2054 695 2139 populo
710 2054 850 2118 accessit.
895 2054 1044 2118 Camillio
1059 2056 1200 2120 Faliscos
1220 2055 1391 2137 obsidenti,

435 2157 586 2239 magister
602 2154 670 2217 ludi
686 2153 801 2218 liberos
817 2154 1014 2219 Faliscorum
1038 2170 1188 2244 tanquam
1203 2158 1390 2223 ambulandi

435 2280 540 2335 causa,
555 2269 648 2320 extra
661 2278 790 2320 murum
813 2256 954 2335 eductos,
970 2258 1114 2338 tradidit,
1131 2258 1238 2324 dicens
1260 2261 1391 2325 retentis

434 2358 610 2437 obsidibus,
636 2358 807 2437 civitatem,
837 2360 1011 2424 necessario
1039 2362 1196 2427 facturam
1225 2363 1390 2450 imperata.

437 2462 590 2529 Camillus
617 2484 692 2526 vero
714 2485 776 2526 non
799 2462 900 2528 solnm
923 2463 1042 2551 sprevit
1065 2464 1242 2551 perfidiam,
1265 2464 1320 2529 sed
1342 2488 1391 2529 re-

436 2564 554 2629 strictis
565 2563 712 2628 manibus
724 2576 795 2648 post
808 2575 908 2649 terga,
922 2568 1111 2650 magistrum
1123 2568 1222 2650 virgis
1230 2565 1389 2652 agendum

435 2666 477 2731 ad
503 2680 650 2754 parentes
676 2667 783 2752 pueris
808 2666 953 2744 tradidit,
979 2666 1117 2753 adeptus
1146 2668 1298 2733 beneficio
1326 2666 1392 2731 vic-

436 2768 562 2845 toriam,
579 2791 675 2854 quam
692 2767 806 2832 fraude
826 2791 888 2831 non
904 2769 1122 2855 concupierat.
1167 2773 1250 2835 Nam
1274 2768 1390 2833 Falisci

436 2870 479 2935 ob
494 2871 574 2934 banc
589 2869 747 2956 justitiam
765 2883 877 2957 sponte
892 2891 925 2933 se
944 2870 1144 2936 dediderunt.
1187 2873 1289 2937 Extat
1312 2893 1390 2957 quo

437 2994 501 3056 que
524 2970 668 3057 ejusdem
692 2968 818 3036 Camilli
841 2991 904 3032 non
927 2968 1097 3053 ignobilior
1113 2967 1251 3035 titulus
1281 2970 1389 3046 Quum

437 3072 521 3136 eninr
544 3085 616 3157 post
639 3072 783 3136 subactas
809 3070 954 3136 civitates
979 3085 1011 3136 et
1040 3071 1219 3158 triumphos
1241 3072 1391 3155 insignes,

437 3174 583 3238 militaris
598 3196 711 3237 manus
725 3173 845 3237 invidia
861 3173 1029 3252 concitata,
1045 3174 1216 3239 damnatus
1230 3188 1263 3240 et
1277 3175 1392 3260 expul-

437 3299 491 3341 sus
505 3288 586 3341 esset
601 3276 739 3352 civitate,
755 3274 844 3361 quasi
864 3276 976 3362 praeda
990 3277 1150 3342 communi
1172 3276 1313 3362 iniquius
1328 3277 1392 3341 dis-

436 3378 576 3443 tributa:
609 3378 804 3442 irruentibus
828 3378 1007 3443 Senonibus
1030 3379 1132 3445 Gallis
1157 3379 1189 3443 in
1212 3379 1336 3456 urbem,
1358 3393 1397 3443 et

437 3479 770 3545 Romanisundecimo
779 3479 927 3544 milliario
937 3480 1125 3567 victisapud
1134 3480 1253 3546 flumen
1264 3480 1391 3555 Alliam,

436 3583 540 3645 necin
556 3584 625 3669 ipsa
641 3583 720 3648 urbe
740 3582 911 3669 quicquam
927 3598 1044 3671 praeter
1060 3583 1254 3670 Capitolium
1273 3581 1392 3647 servari

435 3696 553 3768 posset,
566 3697 597 3748 et
613 3685 673 3750 hoc
687 3709 767 3749 auro
782 3685 870 3766 dato,
881 3700 916 3751 ut
931 3686 1016 3750 Galli
1031 3684 1226 3766 recederent,
1239 3684 1393 3749 Camillus

436 3780 531 3845 etiam
563 3782 697 3867 ingratae
728 3786 923 3870 compatiens
952 3783 1076 3869 patriae,
1106 3781 1231 3845 eosdem
1264 3780 1392 3862 cecidit,

437 3905 551 3947 aurum
567 3884 712 3964 abstulit,
722 3887 941 3951 Romanorum
954 3883 1077 3969 aquilas
1088 3881 1272 3967 reportavit.
1296 3883 1393 3948 Unde

437 3987 468 4049 in
496 3999 586 4050 sexto
613 3988 750 4073 Virgilii,
776 3988 859 4052 inter
888 3999 1019 4050 caeteros
1043 3984 1204 4050 AEneadas
1229 3984 1392 4071 praediscit

438 4089 555 4150 AEneas

681 4196 836 4250 referentem
849 4194 926 4262 signa
938 4193 1088 4249 Camillum.

440 4296 556 4381 Itaque
572 4293 613 4359 ab
628 4290 724 4357 exilio
746 4301 923 4373 revocatus,
939 4292 1032 4357 terlio
1055 4291 1257 4378 triumphans
1281 4290 1391 4355 urbem
