3384 5234
444 678 485 739 68
694 690 828 736 Joaums
844 688 1124 736 sanasaaamnsrs
1257 677 1339 757 [ma.
1358 697 1395 740 u.

444 930 525 1015 Cap.
541 932 571 994 5.
601 930 736 1003 Quanto
749 934 862 1014 fucrit
879 932 1051 995 calamitas
1071 930 1277 1007 obsessorum,
1293 939 1324 995 et
1343 934 1394 996 ob-

462 1035 593 1095 atinate
606 1033 738 1095 malitia
752 1036 1041 1117 quiesceritfinir,
1052 1040 1083 1096 ct
1092 1055 1161 1114 quea
1169 1035 1276 1115 pietus
1293 1036 1373 1097 Titi.
1388 1087 1390 1089 .

485 1152 585 1217 Arne
598 1164 657 1227 tot,
669 1165 700 1216 et
714 1165 802 1216 tanta
812 1150 978 1215 mediocris
990 1152 1092 1236 plagae
1101 1163 1155 1215 aut
1166 1150 1391 1237 perfunctoria

438 1253 667 1340 indignationis
693 1254 765 1329 Dei,
791 1253 944 1317 adversus
968 1253 1229 1340 impoenitentiam
1256 1254 1390 1316 Judaeo·

438 1377 522 1435 rum,
538 1360 700 1441 signorum
722 1356 916 1443 praecessisse
938 1355 1106 1419 rideantur
1121 1355 1249 1434 indicia,
1264 1354 1389 1418 calami-

437 1472 536 1523 tatem
551 1457 792 1538 intolerabilem,
806 1457 965 1522 excidium
979 1457 1194 1541 irreparabile,
1210 1458 1388 1542 reprohatae

437 1573 468 1624 et
498 1574 667 1625 excoecatae
696 1564 801 1645 gentis
830 1558 1017 1633 inauditam,
1044 1571 1075 1621 et
1111 1558 1234 1623 cunctis
1263 1558 1387 1624 saeculis

435 1661 626 1746 incognitam
654 1662 851 1741 servitutem,
876 1659 1055 1724 succinctus
1081 1684 1184 1724 sermo
1210 1674 1385 1745 percurrat.

435 1763 572 1839 Quantis
586 1786 661 1847 ergo
677 1761 766 1825 malis
783 1775 857 1826 tunc
877 1763 1025 1824 universa
1040 1760 1215 1826 multitudo
1231 1775 1316 1826 tacta
1332 1764 1384 1839 sit,

435 1877 536 1949 utque
550 1863 618 1951 ipsa
630 1866 650 1926 J
657 1862 757 1928 udacac
773 1875 858 1928 terra
871 1862 967 1939 bello,
979 1863 1073 1937 fame,
1089 1863 1167 1948 igni,
1180 1864 1386 1950 caedibusque

433 1977 555 2030 vastata
580 1968 632 2045 sit,
658 1979 778 2050 quanta
802 1964 994 2051 populorum
1022 1965 1130 2040 millia,
1158 1979 1264 2052 patres
1290 1967 1385 2030 simul

431 2087 503 2131 cum
527 2069 728 2154 conjugibus,
743 2091 779 2131 ac
799 2067 941 2152 parvulis
961 2068 1079 2146 liberis,
1094 2054 1218 2153 absque
1238 2091 1382 2147 numero,

423 2186 461 2240 ¹et
488 2170 609 2255 absque
632 2170 819 2235 discretione
843 2169 994 2234 trucidati
1018 2169 1092 2246 sint,
1116 2193 1188 2255 quae
1210 2170 1305 2234 etiam
1332 2171 1381 2234 di-

428 2292 589 2337 versarum
607 2273 735 2337 urbium
756 2272 946 2349 obsidiones,
962 2272 1016 2336 sed
1037 2286 1069 2337 et
1088 2272 1188 2358 ipsius
1204 2273 1381 2357 magnificae

428 2389 460 2439 et
475 2374 692 2440 famosissima
713 2375 851 2440 civitatis
873 2374 1073 2439 Hierusalem
1096 2388 1215 2461 quanta
1235 2376 1378 2452 vastitas,

427 2491 459 2543 et
481 2490 601 2563 quanta
627 2478 724 2542 fuerit
751 2477 947 2543 diversarum
975 2478 1123 2542 mortium
1150 2491 1282 2563 strages,
1306 2480 1378 2565 quis

426 2597 484 2666 per
506 2578 573 2643 baec
592 2579 718 2664 singula
739 2580 896 2644 bellorum
918 2578 1060 2643 extiterit
1082 2579 1206 2661 modus,
1221 2593 1253 2644 et
1275 2592 1311 2645 ut
1330 2606 1377 2645 se·

425 2683 565 2747 cundum
595 2681 641 2760 id,
672 2682 758 2769 quod
793 2687 960 2769 prophetae
997 2681 1153 2760 dixerant,
1183 2684 1378 2750 abominatio

422 2785 623 2850 desolationis
639 2786 670 2849 in
686 2786 755 2871 ipso
771 2786 932 2870 quondam
949 2784 1011 2848 Dei
1031 2786 1240 2849 famosissimo
1255 2788 1371 2852 collata

422 2888 463 2952 sit
479 2888 608 2975 templo,
623 2901 724 2972 utque
739 2888 778 2952 ad
802 2887 949 2952 ultimum
970 2900 1085 2951 cuncta
1100 2888 1183 2971 ignis
1198 2889 1373 2975 populatus

423 2990 475 3066 sit,
502 3004 534 3055 et
559 2989 687 3054 flamma
710 2990 955 3077 consumpserit,
983 2992 1008 3053 si
1034 2989 1107 3076 quis
1132 2990 1257 3076 plenius
1283 3015 1375 3057 nosse

422 3093 504 3173 vult,
518 3092 681 3157 historiam
698 3092 830 3180 Josephi
847 3093 977 3179 relegat.
1022 3097 1091 3157 Nos
1111 3116 1186 3157 vero
1208 3117 1248 3157 ex
1268 3093 1318 3158 his
1337 3118 1374 3157 ea

421 3209 560 3271 tantum,
581 3219 655 3282 quae
677 3196 717 3259 ad
741 3195 996 3283 explanationem
1020 3195 1157 3280 suscepti
1180 3196 1285 3283 operis
1306 3198 1372 3260 suf-

419 3298 543 3375 ficiunt,
559 3320 775 3361 assumemus:
801 3297 830 3358 in
855 3297 973 3382 quibus
994 3297 1101 3374 refert,
1116 3298 1204 3380 quod
1225 3321 1264 3361 ex
1284 3299 1378 3362 omni

419 3402 443 3462 J
446 3402 538 3464 udaea
553 3397 676 3485 populi,
690 3398 722 3460 in
738 3398 791 3460 die
806 3397 936 3460 solemni
955 3396 1085 3460 Paschae
1101 3399 1370 3485 Hierosolymam,

421 3501 508 3564 velut
538 3498 658 3563 exitiali
687 3497 825 3583 quadam
857 3522 953 3562 manu
980 3512 1123 3581 cogente,
1148 3516 1369 3567 convenerant.

419 3602 506 3677 Quos
533 3600 637 3664 tricies
666 3612 797 3662 centena
827 3600 926 3664 millia
956 3600 1034 3664 dicit
1063 3600 1228 3664 bominum
1258 3604 1366 3682 luisse,

411 3699 502 3783 justo
518 3696 635 3760 scilicet
654 3696 714 3761 Dei
726 3697 862 3782 judicio,
877 3712 1019 3784 tempore
1034 3698 1094 3761 hoc
1110 3697 1239 3762 ultionis
1255 3701 1366 3781 elect0,

415 3811 452 3862 ut
482 3798 569 3883 quod
598 3800 632 3862 in
662 3797 775 3862 diebus
810 3800 940 3863 Paschae
975 3798 1163 3863 salvatorem
1197 3800 1363 3866 Christum

415 3902 556 3976 Domini,
573 3898 711 3963 cruentis
735 3898 892 3979 manibus,
907 3911 938 3962 et
962 3899 1123 3984 sacrilegis
1147 3900 1277 3965 vocibus
1299 3906 1364 3966 vio-

413 4002 531 4076 larunt,
548 4002 578 4063 in
594 4000 671 4086 ipsis
686 4000 799 4063 diebus
816 3998 903 4063 velut
919 3999 950 4062 in
967 4022 1067 4063 unum
1083 4024 1249 4079 carcerem,
1261 4006 1364 4071 omnis

412 4103 588 4168 multitudo
609 4101 766 4175 conclusa,
783 4101 889 4164 feralis
905 4124 1007 4185 poenae
1027 4102 1174 4180 exitium,
1191 4107 1278 4189 quod
1299 4129 1364 4170 me-

410 4208 552 4286 rebatur,
574 4207 744 4291 exciperet.
790 4203 967 4267 Praeteribo
989 4224 1062 4268 sane
1085 4229 1160 4291 quae
1182 4208 1213 4270 in
1234 4231 1288 4271 eos
1312 4211 1361 4273 vel

407 4309 505 4395 gladii
536 4308 634 4391 caedc,
666 4306 714 4371 rel
745 4304 815 4369 aliis
844 4305 918 4369 belli
950 4306 1103 4371 machinis
1129 4309 1243 4375 collata
1273 4326 1360 4391 sunt,
