3384 5234
365 623 429 683 248
624 637 759 682 ruamus
776 637 1055 683 sanusuuuruusm
1177 622 1262 702 [nm.
1281 643 1328 687 ιν.

368 792 450 856 inter
472 787 688 874 vapulandum
705 789 772 874 jam
800 810 861 852 non
886 790 1101 875 querimonias
1124 803 1156 855 et
1182 794 1327 877 gemitus

366 893 581 979 ejulatusque,
601 891 655 955 sed
673 892 770 956 verba
790 892 882 968 seria,
904 906 935 956 et
958 894 1180 978 objurgatoria
1196 893 1324 980 jacula·

368 994 473 1058 batur.
504 992 572 1056 Nec
582 992 628 1056 ita
638 1014 669 1055 se
682 991 797 1055 habere
809 991 1030 1065 Plutarchum,
1042 1005 1078 1057 ut
1090 993 1325 1079 Philosophum

367 1094 513 1159 deceret:
537 1093 629 1157 irasci
651 1105 743 1179 turpe
758 1114 835 1172 esse,
850 1092 879 1155 ei
903 1094 1092 1179 praesertim,
1108 1095 1165 1181 qui
1184 1094 1225 1158 de
1241 1094 1327 1159 malo

367 1196 424 1260 irae
453 1198 570 1281 saepius
602 1194 835 1272 dissertaverat,
862 1193 1046 1281 librumque
1072 1195 1322 1283 pulcherrimum

367 1297 535 1382 scripserat
554 1297 594 1361 de
613 1295 782 1361 Patientia.
830 1295 1012 1382 Adjiciebat
1032 1321 1098 1362 esse
1118 1299 1320 1383 probrosum,

368 1398 462 1484 quod·
469 1398 649 1463 doctrinam
670 1420 759 1461 suam
783 1398 927 1462 moribus
946 1399 1168 1486 impugnabat,
1182 1423 1220 1464 eo
1236 1401 1322 1487 quod

367 1523 386 1563 a
403 1498 516 1564 mentis
538 1498 722 1582 integritate
743 1498 924 1583 prolapsus,
939 1500 1060 1564 effusus
1079 1514 1111 1566 et
1132 1500 1322 1587 provolutus

369 1602 401 1665 in
429 1601 519 1675 iram,
544 1599 692 1686 pluribus
717 1599 820 1686 plagis
850 1600 1020 1668 mulctaret
1046 1602 1221 1669 innoxium.
1266 1604 1322 1667 Ad

370 1705 438 1769 haeo
459 1702 664 1780 Plutarchus,
680 1701 764 1767 lente
785 1702 918 1787 quidem
935 1717 967 1769 et
984 1704 1107 1782 leniter,
1123 1706 1178 1771 sed
1201 1728 1325 1770 summa

370 1829 441 1872 cum
469 1804 639 1892 gravitate,
667 1804 835 1890 Numquid
867 1806 958 1891 quod
987 1806 1121 1894 vapulas
1147 1807 1206 1872 tibi
1231 1807 1322 1872 irasci

369 1907 503 1971 videor?
528 1909 643 1971 Est-ne
658 1907 706 1970 ira
722 1929 790 1970 mea
806 1907 832 1970 si
847 1929 867 1970 a
882 1930 932 1972 me
947 1908 1093 1975 debitum
1109 1910 1245 1996 recipis?
1267 1914 1320 1975 Ex

369 2007 504 2072 vultune
524 2031 606 2084 meo,
622 2030 661 2072 an
685 2032 723 2073 ex
741 2031 829 2086 voce,
845 2031 885 2072 an
909 2033 949 2074 ex
971 2010 1085 2087 colore,
1101 2033 1140 2073 an
1163 2013 1257 2075 etiam
1281 2035 1321 2075 ex

370 2110 486 2187 verbis,
509 2110 557 2173 ira
578 2132 628 2173 me
650 2123 837 2196 corruptum
861 2111 1011 2195 intelligis
1031 2124 1087 2174 aut
1109 2117 1318 2194 correptum?

370 2210 453 2280 Mihi
477 2210 605 2296 quidem
628 2233 731 2298 neque
752 2213 837 2277 oculi
859 2212 971 2299 opinor
991 2222 1093 2275 truces
1113 2221 1198 2285 sunt,
1214 2231 1318 2295 neque

370 2335 406 2376 os
421 2311 599 2385 turbidum,
614 2334 715 2398 neque
732 2313 868 2379 inaniter
883 2314 994 2389 clamo,
1005 2333 1109 2397 neque
1122 2310 1156 2374 in
1172 2332 1318 2397 spumam

371 2413 584 2500 ruboremque
599 2414 751 2493 fervesco,
767 2439 873 2504 neque
894 2412 1044 2503 pudenda
1062 2412 1134 2477 dico
1147 2426 1204 2478 aut
1219 2414 1322 2499 poeni-

372 2517 478 2595 tenda‚
501 2541 604 2604 neque
630 2521 758 2584 omnino
781 2519 906 2604 trepido
930 2521 978 2584 ira
1000 2532 1054 2583 eut
1077 2519 1188 2603 gestio.
1237 2518 1321 2581 Haec

370 2618 476 2686 omnia
490 2620 624 2705 quippe,
638 2622 664 2683 si
679 2619 790 2700 nescis,
806 2620 897 2702 signa
911 2618 1031 2683 irarum
1046 2640 1113 2683 esse
1127 2616 1238 2683 solent.
1274 2618 1321 2682 Et

372 2719 465 2791 simul
481 2721 522 2784 ad
537 2745 608 2786 eum
625 2725 683 2807 qui
695 2721 837 2786 credebat
848 2743 1030 2799 conversus,
1044 2720 1178 2787 Interim
1192 2720 1324 2807 (inquit)

371 2822 449 2887 dum
465 2845 525 2907 ego
547 2836 645 2909 atque
667 2824 719 2888 hic
739 2824 951 2910 disputamus,
968 2836 1004 2889 tu
1021 2824 1082 2887 hoc
1104 2847 1183 2911 age3
1211 2836 1244 2889 et
1259 2824 1326 2887 sine

370 2924 533 2989 iracundia
549 2948 619 2990 mea
642 2926 778 2990 retunde
793 2926 938 2991 servilem
962 2930 1206 3007 contumaciam,
1220 2938 1252 2991 et
1266 2925 1326 2989 ini-

371 3050 471 3112 quum
499 3028 653 3113 poenitere
680 3029 792 3092 doceas
819 3027 930 3113 magis,
960 3050 1057 3115 quam
1083 3030 1229 3115 jurgare.
1275 3027 1327 3092 Sic

372 3128 573 3193 Plutarchus.
620 3130 658 3191 In
675 3149 740 3213 quo
756 3127 899 3192 nonnihil
914 3126 1103 3192 eruditionis
1117 3127 1262 3193 relietum
1279 3140 1327 3190 est

372 3230 530 3311 omnibus,
546 3230 649 3320 quiin
665 3229 860 3295 sublimitate
875 3243 960 3297 sunt.

372 3585 451 3672 Cap.
469 3591 497 3647 9.
525 3586 614 3652 Quid
626 3590 669 3650 sit
684 3586 903 3669 declinareed
923 3586 1067 3648 deutrum
1083 3585 1133 3647 vel
1146 3586 1328 3658 sinistram,

627 3690 712 3768 quod
722 3689 870 3770 principi
884 3686 1078 3767 prohibetur.
1112 3733 1118 3743 .

416 3845 608 3910 Snoulrun:
634 3845 748 3927 Neque
763 3840 899 3906 declinet
913 3839 945 3901 in
963 3850 1086 3922 partem
1103 3834 1262 3913 dextram,
1275 3840 1326 3902 vel

374 3942 541 4008 sinistram.
589 3943 643 4006 Ad
656 3942 802 4008 dextram
818 3939 974 4005 declinare
989 3950 1049 4018 est,
1061 3936 1237 4003 virtutibus
1250 3940 1327 4025 ipsis

376 4047 576 4109 vehementer
598 4045 752 4109 insistere.
797 4042 847 4108 Ad
869 4040 1016 4105 dextram
1040 4040 1197 4105 declinare
1219 4053 1278 4116 est,
1293 4041 1326 4104 iu

374 4149 502 4213 virtutis
522 4148 672 4233 operibus
695 4170 768 4231 quae
790 4145 822 4209 in
845 4144 941 4208 modo
956 4143 1110 4225 consistit,
1125 4141 1257 4209 modum
1273 4167 1327 4208 ex-

375 4250 495 4318 cedere.
541 4249 651 4315 Omnis
669 4256 743 4311 vero
759 4247 957 4312 vehementia
971 4249 1067 4313 saluti
1082 4245 1211 4313 inimica
1224 4265 1283 4329 est,
1298 4260 1329 4310 et
