3384 5234
427 698 469 756 88
682 710 818 757 Josuurs
833 710 1112 757 suessanurausrs
1257 691 1338 771 [arn.
1356 708 1381 753 r.

428 858 535 925 uicum
550 858 644 943 gerit.
676 861 784 937 Quum
798 883 873 925 vcro
887 859 992 926 modis
1007 864 1074 926 suis
1089 857 1267 944 elegantius
1280 858 1380 922 luerit

429 959 579 1039 colorata,
594 972 762 1026 venustate
783 962 833 1026 sui
847 972 967 1027 mentes
988 963 1083 1028 etiam
1098 961 1268 1027 severiores
1281 957 1382 1045 capit,

427 1073 459 1125 et
474 1060 612 1145 quadam
626 1060 766 1129 inductae
780 1062 951 1129 hilaritatis
971 1065 1076 1149 gratia
1089 1061 1180 1149 pellit
1196 1060 1378 1127 tristitiam:

428 1160 502 1225 etsi
518 1158 596 1245 quid
613 1160 763 1246 pulveris,
779 1174 835 1226 aut
857 1163 1005 1239 turbinis,
1021 1176 1078 1229 aut
1092 1162 1278 1228 nebularum
1294 1158 1381 1244 cogi-

429 1260 604 1326 tationibus
632 1259 709 1349 ipsis
735 1261 914 1343 inhoeserat,
942 1277 1090 1351 potenter
1118 1261 1286 1347 abstergit,
1327 1260 1381 1327 Ad

430 1383 534 1426 mores
550 1363 660 1450 itaque
678 1363 880 1429 instruendos
903 1377 936 1429 et
959 1369 1080 1431 animos
1101 1364 1299 1431 exultatione
1318 1362 1383 1426 vir·

430 1464 511 1528 tutis
529 1465 733 1552 trajiciendos
754 1467 787 1530 iu
807 1466 929 1532 cultum
952 1468 1091 1544 Domini,
1108 1485 1170 1532 non
1192 1466 1288 1530 modo
1306 1486 1381 1528 cou-

431 1575 558 1628 oentum
573 1562 746 1645 hominum,
763 1563 817 1627 sed
833 1577 866 1629 et
885 1562 1169 1629 instrumentorum
1185 1564 1295 1628 modos
1310 1584 1383 1626 cen·

432 1677 563 1728 suerunt
573 1664 672 1729 sancti
678 1678 784 1750 patres
791 1664 930 1729 Domino
939 1666 1261 1751 applicandos,quum
1273 1663 1385 1749 templi

431 1763 640 1829 reverentiam
658 1765 838 1831 dilatarent.
875 1765 963 1830 Etsi
984 1766 1150 1830 militantis
1169 1766 1309 1830 ecclesiae
1325 1763 1383 1831 tibi

429 1886 529 1949 perra
550 1863 678 1930 videtur
699 1864 882 1945 auctoritas,
903 1865 953 1929 vel
974 1865 1201 1952 triumphatrix
1224 1867 1278 1929 illa
1299 1889 1381 1952 prae-

431 1966 522 2027 conia
536 1964 664 2030 musicae
679 1987 742 2029 nou
758 1965 887 2042 tacebit,
902 1966 996 2052 cujus
1017 1970 1152 2031 seniores
1168 1966 1260 2044 vidit,
1275 1979 1306 2031 et
1322 1964 1380 2031 tibi

432 2060 620 2126 monstrarit
635 2061 769 2144 tonitrui
790 2062 888 2140 filius,
904 2076 937 2128 et
952 2085 1043 2126 voces
1062 2085 1171 2127 eorum
1195 2062 1276 2126 sicut
1292 2085 1386 2125 voces

433 2160 689 2245 cytharoedorum
711 2162 978 2249 cytharisantium
990 2163 1022 2227 in
1033 2164 1174 2250 cytharis
1189 2162 1265 2226 suis.
1289 2161 1384 2238 Quod

434 2263 459 2328 si
474 2261 546 2326 illos
559 2261 700 2327 nondum
717 2263 845 2340 audisti,
859 2285 966 2349 regem
981 2263 1094 2328 audias
1108 2263 1317 2339 exultantem,
1328 2262 1385 2347 qui

433 2377 466 2428 te
479 2364 569 2448 regni
584 2377 615 2430 et
630 2366 836 2431 exultationis
851 2389 918 2431 suae
933 2366 1002 2431 vult
1018 2389 1085 2431 esse
1099 2364 1297 2452 participem.
1326 2364 1382 2429 Ait

435 2465 536 2531 euim:
561 2466 684 2531 Sumite
699 2467 869 2552 psalmum,
885 2467 959 2532 date
982 2481 1183 2553 tympanum,
1198 2464 1385 2553 psalterium

430 2567 611 2653 jucundum
624 2590 697 2632 curu
709 2569 850 2653 cythara.
877 2569 928 2635 Ad
941 2570 1032 2654 quid,
1042 2569 1165 2655 inquis?
1188 2567 1236 2632 Ut
1248 2566 1386 2631 laudetis

436 2669 613 2733 Dominum
629 2672 661 2733 iu
682 2679 834 2756 tympano
850 2683 881 2736 et
896 2672 1004 2747 choro,
1020 2672 1055 2736 in
1068 2670 1194 2737 chordis
1208 2685 1239 2734 et
1255 2690 1384 2753 organo.

439 2770 505 2835 Hic
521 2780 568 2834 est
582 2770 664 2835 enim
686 2794 763 2837 usus
778 2772 916 2837 Musicae
935 2788 991 2838 aut
1006 2773 1104 2850 solus,
1119 2785 1174 2837 aut
1194 2771 1385 2858 praecipuus.

436 2871 599 2957 Phrygius
609 2895 684 2937 vero
694 2872 820 2950 modus,
828 2886 861 2938 et
872 2888 985 2939 caetera
995 2873 1207 2961 corruptionis
1217 2871 1385 2947 lenocinia,

439 2995 523 3037 aanae
535 2974 744 3040 iustitutionis
757 2997 819 3040 nou
830 2976 949 3041 habent
961 2999 1067 3056 usum,
1078 2976 1132 3041 sed
1144 2975 1286 3061 produnt
1297 2973 1389 3037 mali·

439 3075 516 3138 tiam
542 3076 713 3142 abutentis.
758 3076 857 3141 Dolet
882 3077 984 3161 igitur
1009 3090 1041 3142 et
1064 3076 1244 3161 ingemiscit
1270 3076 1389 3161 species

438 3175 607 3241 laudabilis
625 3177 814 3265 disciplinae,
829 3201 862 3241 se
884 3178 925 3241 ab
944 3178 1047 3243 alieno
1062 3178 1140 3243 vitio
1160 3175 1343 3255 deformari,
1356 3186 1388 3238 et

437 3277 525 3363 qmd
540 3278 638 3344 facies
651 3279 824 3343 meretricis
837 3278 922 3342 facta
937 3291 984 3342 est
999 3278 1040 3354 ei,
1051 3301 1125 3361 quae
1140 3276 1247 3341 viriles
1258 3296 1387 3362 quoque

437 3375 558 3439 animos
571 3377 741 3442 accendere
752 3389 958 3441 consueuerat
970 3376 1012 3440 ad
1024 3375 1187 3440 virtutem.
1220 3372 1388 3438 Amatoria

439 3473 654 3540 bucolicorum
669 3475 757 3562 apud
772 3474 857 3539 viros
870 3495 984 3560 graves
1005 3497 1082 3550 esse,
1097 3473 1203 3538 fuerat
1224 3473 1391 3547 criminis,

441 3575 535 3640 Nunc
551 3598 626 3641 vero
637 3576 725 3640 laudi
740 3576 918 3653 ducitur,si
934 3575 1041 3641 videas
1051 3574 1213 3660 graviores
1223 3576 1390 3651 amatoria,

441 3697 515 3760 quae
527 3675 567 3739 ab
577 3676 655 3761 ipsis
666 3676 818 3741 dicuntur
829 3675 1006 3761 elegantius
1017 3674 1202 3753 stulticinia,
1212 3692 1390 3759 personare.

443 3774 552 3859 lpsum
573 3797 703 3862 quoque
722 3776 843 3843 cultum
866 3776 1028 3861 religionis
1048 3779 1192 3856 incestat,
1206 3776 1295 3862 quod
1318 3788 1391 3840 aute

442 3892 643 3963 conspectum
661 3880 804 3957 Domini,
819 3883 853 3945 in
875 3879 952 3965 ipsis
973 3878 1190 3967 penetralibus
1209 3879 1394 3954 sanctuarii,

442 3976 633 4044 lascivientis
644 3977 730 4042 vocis
741 3979 833 4060 luxu,
843 3980 983 4065 quadam
993 3980 1203 4047 ostentatione
1213 3980 1274 4057 sui,
1284 3978 1394 4043 mulie·

443 4078 556 4145 bribus
571 4078 672 4142 modis
686 4076 869 4143 notularum
886 4080 1159 4166 articulorumque
1173 4078 1314 4152 caesuris,
1327 4091 1394 4142 stu·

446 4193 557 4269 pentes
572 4178 726 4244 animulas
740 4169 881 4244 emollire
896 4180 1053 4247 nituntur.
1098 4182 1205 4256 Quum
1221 4176 1395 4261 praecinen-

447 4284 540 4357 tium,
567 4297 598 4346 ct
626 4279 866 4363 succinentium,
892 4284 1083 4359 canentium,
1112 4292 1143 4343 et
1169 4276 1393 4351 decinentium,
