3384 5234
385 715 455 759 cae.
472 696 533 775 xa]
757 713 1012 758 rotrcalrrous.
1273 698 1334 757 951

384 886 456 927 cum
479 863 625 929 Christo:
650 876 682 929 et
706 864 862 929 sententia
882 863 1011 949 quidem
1033 884 1107 925 vera
1129 873 1189 938 est,
1205 861 1231 924 si
1252 864 1335 926 inter

384 963 495 1028 mundi
518 963 622 1042 flores,
646 976 775 1050 reputes
797 963 952 1029 lenocinia
974 963 1135 1028 vitiorum.
1178 963 1280 1048 Atqui
1303 975 1335 1027 et

383 1089 472 1151 reges
492 1070 603 1130 florere
623 1079 768 1153 possunt,
789 1079 821 1131 et
844 1061 1056 1129 mundialium
1079 1063 1193 1128 florum
1217 1063 1334 1128 dulcis·

383 1170 477 1233 simos
488 1183 520 1234 et
532 1169 716 1234 utilissimos
727 1169 758 1232 in
769 1182 924 1234 aeternum
937 1190 1066 1253 carpere
1077 1168 1212 1233 fructus.
1246 1167 1334 1242 Quid

382 1284 489 1335 autem
509 1272 634 1335 beatius
651 1284 709 1355 est,
724 1294 820 1357 quarn
844 1270 870 1335 si
891 1268 1069 1335 de'divitiis
1083 1269 1125 1333 ad
1140 1269 1277 1344 divitias,
1294 1270 1333 1333 de

382 1371 500 1435 delitiis
524 1373 566 1437 ad
592 1372 726 1453 delitias,
748 1372 788 1435 de
813 1370 916 1455 gloria
940 1370 980 1434 ad
1011 1370 1143 1455 gloriam
1169 1370 1332 1455 Principes

382 1474 624 1553 transferantur,
639 1474 679 1537 de
694 1472 923 1559 temporalibus
938 1472 978 1536 ad
994 1476 1137 1536 aeterna?

488 1751 567 1833 Cap.
587 1756 634 1813 ll.
660 1752 743 1824 Quae
757 1752 800 1812 sit
813 1751 880 1813 aliu
897 1769 1011 1813 merces
1025 1750 1229 1830 Principum.

425 1888 499 1948 Nnc
521 1895 626 1947 tamen
647 1881 734 1968 quod
750 1882 851 1947 literae
866 1886 969 1967 prima
989 1881 1084 1946 facies
1099 1882 1258 1967 promittit
1274 1907 1329 1946 ex-

379 1983 695 2071 cludo,quaeetlongi
706 1984 855 2070 temporis
864 1985 1162 2071 regnumpromittit
1173 1986 1328 2070 patribus,

378 2099 408 2150 et
424 2086 566 2172 ejusdem
583 2089 813 2151 successionem
828 2086 991 2170 protendit
1006 2085 1047 2149 ad
1062 2086 1153 2161 filios,
1171 2086 1225 2172 qui
1245 2087 1329 2152 sicut

379 2189 561 2273 temporalis
585 2189 687 2273 regni,
714 2188 758 2252 ita
784 2199 879 2252 erunt
905 2202 936 2251 et
968 2201 1095 2253 aeternae
1120 2188 1328 2253 beatitudiuis

379 2313 580 2354 successores.
627 2292 699 2354 Scio
721 2290 804 2353 enim
827 2290 904 2375 quia
926 2289 978 2354 lex
1000 2291 1117 2354 carnali
1139 2292 1260 2378 populo
1282 2291 1326 2355 lo·

376 2394 546 2476 quebatur‚
577 2393 635 2478 qui
664 2415 718 2457 cor
746 2391 853 2457 adhuc
884 2392 1003 2456 babens
1032 2393 1204 2479 lapideum,
1234 2395 1329 2460 incir-

376 2493 534 2559 cumcisus
560 2507 675 2570 mente,
698 2517 761 2557 nou
786 2516 889 2572 carne,
911 2493 1010 2558 vitam
1034 2517 1074 2556 ex
1101 2516 1214 2577 magna
1235 2509 1326 2580 parte

376 2596 534 2661 nesciebat
564 2610 726 2673 aeternam,
753 2596 980 2680 magnifaciens
1009 2593 1034 2658 si
1060 2595 1089 2657 ei
1117 2595 1203 2660 bona
1232 2608 1325 2660 terrae

376 2698 540 2774 darentur,
566 2701 615 2764 vel
640 2700 902 2786 promitterentur
925 2698 958 2761 in
983 2698 1101 2762 cibum.
1147 2699 1326 2763 Carualiter

374 2799 483 2885 itaque
505 2801 638 2887 sapienti
658 2803 743 2866 facta
766 2815 813 2865 est
833 2800 998 2888 promissio
1020 2799 1134 2880 carnis,
1153 2813 1185 2865 et
1207 2801 1235 2864 ei
1253 2824 1326 2888 pro-

377 2904 471 2965 missa
496 2917 543 2968 est
573 2905 764 2971 diuturnitas
790 2904 953 2991 temporis,
979 2905 1034 2991 qui
1064 2905 1206 2969 nondum
1236 2928 1324 2990 spem

374 3021 561 3092 conceperat
581 3021 707 3074 aeteruae
727 3008 944 3088 beatitudinis,
960 3019 992 3072 et
1013 3007 1185 3093 temporale
1204 3008 1237 3071 in
1253 3031 1323 3073 suc-

374 3107 545 3171 cessionem
560 3108 698 3172 filiorum
717 3108 921 3194 protenditur
936 3129 1068 3191 regnum
1085 3107 1160 3185 illis,
1175 3107 1232 3193 qui
1247 3131 1324 3173 uon-

374 3209 451 3274 dum
476 3212 660 3295 quaet·ebant
685 3223 851 3276 aeternum.
896 3211 985 3276 Patri
1008 3232 1085 3294 ergo
1109 3210 1324 3297 temporaliter

374 3313 513 3376 succedit
536 3312 632 3389 filius,
655 3311 681 3376 si
703 3313 802 3399 patris
822 3312 982 3396 justitiam
1007 3311 1160 3376 imitatur.
1208 3313 1323 3395 Aufer,

372 3412 477 3498 inquit
506 3414 664 3492 Salomon,
688 3414 884 3500 impietatem
909 3413 949 3477 de
973 3413 1067 3478 vultu
1090 3415 1186 3497 regia,
1209 3428 1241 3478 et
1267 3417 1322 3479 fir·

307 3506 308 3511 ¹
374 3513 513 3577 mabitur
530 3516 659 3601 justitia
680 3516 816 3579 thronus
833 3516 911 3601 ejus.
959 3515 993 3577 Si
1012 3514 1094 3579 enim
1117 3537 1137 3579 a
1159 3516 1263 3593 vultu,
1286 3517 1321 3581 id

371 3629 465 3695 est,a
488 3617 651 3684 voluntate
673 3617 791 3683 recedit
811 3617 969 3703 impietas,
984 3618 1085 3682 totius
1102 3616 1192 3703 regni
1212 3642 1320 3704 opera,

370 3719 460 3804 virga
475 3721 647 3808 aequitatis
662 3730 694 3785 et
715 3722 807 3785 cultu
825 3719 963 3809 justitiae
983 3719 1179 3806 diriguntur.
1225 3723 1321 3789 Unde

370 3821 470 3887 illud:
510 3828 581 3889 Rex
604 3825 662 3911 qui
680 3823 766 3889 sedet
787 3824 821 3887 in
846 3823 910 3887 sole
926 3822 1054 3908 judicii,
1075 3824 1207 3911 dissipat
1228 3848 1320 3891 omne

370 3924 486 3989 malum
503 3927 621 3991 intuitu
638 3951 706 3992 suo.
740 3930 825 3991 Ecce
840 3938 961 4010 quanto
976 3925 1143 4012 privilegio
1157 3927 1319 4011 gaudeant

369 4027 541 4113 Principes,
562 4030 681 4115 quibus
702 4041 739 4094 ut
761 4028 801 4091 de
825 4040 944 4093 aterna
966 4028 1165 4092 beatitudine
1185 4042 1317 4102 taceam,

368 4143 577 4212 perpetuatur
599 4134 689 4216 regni
710 4129 822 4215 gloria,
837 4130 934 4193 etiam
954 4129 987 4190 in
1007 4150 1100 4192 carne
1118 4141 1149 4193 et
1166 4130 1318 4214 sanguine

368 4251 436 4293 suo.
467 4232 632 4296 Gloriatur
645 4232 803 4296 Dominus
814 4255 846 4295 se
858 4232 961 4296 virum
974 4231 1132 4295 invenisse
1143 4231 1318 4295 secundum

366 4352 420 4392 cor
435 4352 540 4410 suum,
555 4345 586 4398 et
602 4356 702 4419 quum
724 4356 796 4399 eum
812 4334 844 4397 in
868 4332 959 4418 regni
974 4334 1093 4418 apicem
1114 4330 1316 4417 postmodum
