3384 5234
366 684 434 728 cnr.
451 666 541 745 run]
715 681 971 727 ronrcnarrcus.
1255 670 1318 728 alr

367 859 449 913 esse,
471 838 522 899 vel
542 857 663 919 perse,
683 835 733 898 vel
756 855 813 917 per
835 833 974 897 mediam
989 854 1167 917 personam,
1183 834 1249 897 sive
1267 834 1319 918 ju·

368 936 506 1011 dicibus,
518 936 583 999 sive
595 935 666 998 aliis
677 934 923 1017 quibuscunque
935 934 1081 1018 personis
1094 955 1152 1018 pro
1164 954 1205 997 ea
1215 956 1321 1012 causa,

367 1039 515 1124 exceptis
530 1038 676 1119 hisquae
692 1036 870 1115 advocatis,
881 1046 913 1099 et
924 1035 1133 1119 quisbusdam
1145 1036 1216 1099 aliis
1227 1036 1323 1099 certis

367 1140 512 1224 personis
528 1138 567 1202 de
582 1138 665 1223 juris
680 1137 879 1219 indulgentia
894 1135 1037 1219 praestari
1051 1137 1137 1201 licet.
1182 1136 1279 1211 Quod
1294 1136 1322 1201 si

367 1253 457 1305 actor
471 1242 518 1304 sic
538 1240 645 1325 jurare
667 1238 870 1317 recusaverit,
885 1240 1039 1302 exclusus
1059 1260 1079 1303 a
1096 1240 1152 1302 lite
1168 1239 1257 1302 cadit
1280 1240 1320 1303 ab

369 1343 508 1421 actione,
522 1351 677 1425 tanquam
696 1340 860 1424 improbus
879 1340 1028 1422 litigator.
1073 1341 1162 1404 Reus
1177 1362 1252 1404 vero
1268 1340 1324 1404 de·

369 1450 507 1504 trectans
527 1442 632 1505 subire
646 1439 874 1523 juramentum,
890 1437 1025 1502 habetur
1039 1460 1098 1522 pro
1114 1439 1272 1515 confesso,
1289 1450 1321 1501 et

371 1541 563 1606 sententiam
589 1541 801 1605 damnationis
827 1551 987 1625 expectat.
1033 1539 1098 1604 Sed
1122 1553 1155 1603 et
1177 1541 1240 1623 ipsi
1265 1563 1323 1625 pa·

372 1642 455 1704 troni
478 1663 654 1719 causarum,
676 1664 741 1723 quo
764 1641 890 1703 fidelior
907 1641 1010 1725 possit
1030 1662 1100 1705 esse
1120 1640 1325 1720 examinatio,

372 1744 413 1808 ab
439 1742 511 1828 ipsa
533 1746 764 1808 contestatione
789 1743 865 1815 litis,
888 1742 1073 1827 juramento
1098 1752 1258 1806 arctantur
1283 1742 1325 1807 ad

372 1845 534 1909 veritatem
555 1857 588 1908 et
606 1844 715 1922 fidem,
731 1844 879 1927 jurantes
901 1842 1085 1926 quodcum
1106 1845 1196 1907 omni
1210 1846 1326 1909 virtute

373 1968 441 2022 sua,
464 1945 613 2031 omnique
636 1967 709 2028 ope,
728 1944 816 2028 qnod
832 1944 956 2029 justum
979 1955 1011 2008 et
1031 1967 1140 2009 rernm
1163 1948 1325 2010 examina-

375 2050 488 2127 verint,
500 2050 671 2113 clientibus
687 2048 753 2111 suis
769 2048 885 2110 inferre
897 2052 1123 2130 procurabunt,
1134 2049 1213 2111 nihil
1229 2050 1329 2113 studii

373 2151 587 2235 relinquentes
609 2162 703 2235 prout
725 2151 840 2233 cuique
862 2151 1014 2234 possibile
1035 2163 1104 2228 est3
1127 2162 1159 2215 et
1176 2152 1263 2235 quod
1285 2173 1328 2215 ex

374 2251 532 2315 industria
547 2273 606 2315 sua
619 2274 684 2315 uon
700 2251 977 2335 protrahentlites
1021 2253 1107 2316 Nam
1130 2273 1185 2316 eas
1205 2263 1330 2336 oportet

374 2352 579 2436 ajudicibus
602 2354 682 2416 infra
704 2354 871 2416 biennium
893 2354 943 2415 vel
966 2354 1138 2416 triennium
1157 2353 1328 2416 terminari.

375 2456 469 2537 Ipsos
496 2476 624 2537 quoque
650 2454 824 2517 advocatos
846 2455 914 2536 pari
936 2453 1160 2517 distributione
1184 2455 1328 2537 partibus

375 2555 571 2639 exaequabit‚
598 2556 664 2617 sive
694 2576 749 2617 eos
778 2554 939 2636 petierint,
969 2555 1035 2616 sive
1064 2574 1142 2629 non,
1171 2566 1207 2615 ut
1236 2576 1329 2637 aequo

377 2656 481 2718 Marte
501 2655 601 2737 possit
620 2676 718 2717 causa
738 2653 922 2738 procedere.
972 2655 1055 2717 Haec
1076 2665 1181 2717 autem
1202 2654 1331 2739 paritas,

377 2767 409 2817 et
434 2755 468 2815 in
493 2755 618 2816 virtutis
644 2756 767 2833 merito,
792 2763 824 2817 et
853 2753 1019 2818 vivacitate
1045 2755 1181 2838 ingenii,
1203 2756 1330 2819 consilii

377 2856 605 2938 profunditate,
630 2866 661 2918 et
684 2856 836 2941 opinione
860 2856 1015 2937 scientiae,
1039 2867 1071 2920 et
1093 2858 1231 2920 nominis
1256 2879 1330 2921 auc·

377 2957 503 3020 toritate
526 2958 683 3037 consistit,
701 2970 737 3021 ut
758 2958 828 3020 haec
851 2959 970 3036 omnia,
984 2959 1012 3021 si
1027 2957 1096 3020 fieri
1112 2967 1229 3041 potest,
1245 2958 1331 3042 apud

379 3070 484 3141 partes
510 3057 649 3141 quadam
676 3058 834 3142 aequitatis
859 3059 953 3121 lance
975 3058 1142 3121 librentur.
1188 3056 1333 3130 Quodsi
1394 3108 1397 3115 ,

379 3159 474 3223 unius
496 3181 562 3243 prae
585 3160 707 3223 caeteris
729 3171 777 3223 est
801 3160 886 3223 sama
907 3160 1048 3237 hilarior,
1062 3181 1106 3222 ex
1126 3160 1232 3223 officio
1250 3158 1333 3243 judi-

379 3260 484 3324 cantis
498 3270 593 3344 prout
612 3262 730 3346 poterit
752 3262 834 3345 parti
857 3259 1044 3324 adversariae
1064 3261 1331 3345 compensabitur.

380 3364 443 3434 Qui
460 3376 565 3426 tamen
585 3363 722 3447 alicujus
743 3363 939 3444 litigatorum
957 3384 1074 3426 arcana
1088 3364 1253 3447 praenovit,
1267 3384 1332 3426 non

380 3465 631 3545 patrocinabitur
659 3464 851 3539 adversario,
876 3464 939 3527 uisi
966 3465 1046 3527 forte
1078 3465 1157 3528 citra
1181 3466 1333 3532 conveni·

381 3564 501 3626 entiam
521 3565 653 3649 judicis,
675 3566 843 3648 separatim
871 3586 944 3628 cum
971 3566 1118 3649 pluribus
1142 3565 1234 3628 aliter
1253 3575 1332 3630 trac·

380 3665 504 3743 taverit,
519 3677 553 3730 ut
572 3667 662 3729 alteri
685 3666 770 3749 paris
788 3665 984 3729 defensionis
1005 3669 1101 3751 copia
1123 3667 1333 3731 subtrahatur.

382 3768 453 3830 Nec
470 3768 588 3852 estqui
609 3767 756 3852 ajudice
781 3770 920 3833 monitus
942 3770 1011 3833 sine
1033 3770 1241 3833 excusatione
1262 3791 1335 3854 pro-

381 3870 492 3948 babili,
507 3872 608 3954 possit
622 3871 804 3953 cuicunque
828 3872 910 3954 parti
931 3873 1144 3955 patrocinium
1165 3871 1335 3954 denegare,

382 3972 444 4035 uisi
460 3973 562 4035 forum
577 3972 638 4035 sibi
651 3971 805 4053 praecludi
822 3974 908 4050 velit,
920 3984 955 4037 ut
966 3974 1170 4056 postmodum
1186 3974 1217 4035 in
1231 3973 1336 4036 causis

383 4073 516 4156 agendis
531 4075 661 4138 minime
676 4073 833 4136 audiatur.
871 4075 906 4137 Si
917 4096 990 4137 vero
1005 4076 1230 4157 praevaricatus
1246 4074 1338 4137 fuerit

383 4171 568 4252 advocatus
587 4174 620 4235 in
642 4174 825 4236 convictum
847 4183 982 4256 oportet,
998 4196 1055 4256 pro
1077 4176 1228 4258 qualitate
1250 4195 1336 4237 com-

388 4273 625 4358 missi,poenam
637 4275 855 4357 gravissimum
866 4296 1026 4339 exercere.
1050 4274 1338 4359 Mnnnssiquidem
