3384 5234
369 689 441 736 cae.
456 673 563 753 xxm]
717 690 972 739 POLYCRATIGUs.
1257 678 1318 739 las

361 838 478 925 jubent
504 840 587 907 istuc
613 840 783 907 divertere.
833 839 1048 925 AEgritudiuis
1076 839 1255 926 praevident
1283 855 1317 909 et

366 942 479 1007 docent
498 964 624 1023 causas,
646 943 791 1009 indicunt
813 942 843 1007 ei
863 942 1002 1018 initium,
1018 955 1238 1027 augmentum,
1255 960 1318 1009 sta·

366 1052 447 1121 tum,
457 1054 489 1108 et
501 1042 753 1109 declinationem.
778 1042 863 1121 Quid
877 1043 999 1109 multa?
1023 1045 1131 1122 Quum
1147 1066 1200 1107 eos
1211 1043 1318 1119 audio,

367 1143 517 1209 videntur
532 1144 609 1209 mibi
623 1168 714 1231 posse
726 1156 869 1209 mortuos
884 1144 1047 1225 suscitare,
1060 1168 1119 1210 uec
1133 1146 1319 1233 AEsculapio

368 1245 570 1311 Mercuriove
589 1245 765 1311 creduntur
785 1244 959 1311 inferiores.
1002 1250 1219 1312 Veruntamen
1233 1247 1266 1311 in
1280 1270 1319 1311 eo

318 1427 320 1432 Ι
367 1368 481 1431 magna
491 1348 605 1413 mentis
615 1347 824 1413 admiratione
833 1347 994 1412 distrahor
1002 1363 1034 1413 et
1043 1348 1319 1434 perturbor,quod

368 1470 388 1511 a
411 1447 521 1533 seipsis
544 1461 635 1514 tauto
657 1449 826 1514 verborum
851 1448 1012 1529 conflictu,
1033 1461 1065 1514 et
1087 1449 1249 1515 collisione
1271 1472 1319 1514 ra-

369 1548 492 1611 tionum
521 1549 692 1627 dissiliunt,
722 1561 754 1614 et
785 1549 979 1615 discordant.
1035 1554 1146 1616 Unum
1176 1550 1319 1636 profecto

370 1648 444 1726 scio,
459 1649 614 1715 contraria
637 1652 730 1717 simul
750 1673 826 1714 vera
847 1674 915 1715 esse
938 1674 999 1716 nou
1023 1674 1124 1739 possa.
1169 1651 1259 1726 Quid
1279 1653 1319 1718 dc

369 1751 500 1817 medicis
515 1753 660 1838 practicis
680 1752 806 1817 dicam?
842 1753 937 1818 Absit
958 1766 995 1818 ut
1014 1754 1055 1817 de
1074 1753 1126 1820 his
1148 1755 1320 1842 quicquam

368 1875 552 1938 perversum
564 1854 688 1940 loquar.
720 1856 759 1917 In
771 1857 976 1919 manusenim
992 1878 1102 1919 eorum
1117 1857 1320 1942 exigentibus

366 1958 506 2041 peccatis
535 1958 623 2034 meis,
655 1956 747 2022 nimis
772 1954 957 2043 frequenter
985 1957 1101 2026 incido.
1146 1958 1220 2024 Non
1243 1973 1319 2027 sunt

367 2055 576 2140 exasperandi
595 2056 709 2135 verbis,
724 2056 780 2120 sed
801 2057 910 2141 potius
932 2057 1132 2123 demulcendi
1154 2062 1318 2146 obsequio.

368 2155 450 2219 Nolo
476 2179 527 2219 me
552 2168 689 2221 tractent
716 2153 840 2237 durius,
866 2179 923 2221 nec
946 2158 1041 2222 etiam
1065 2162 1180 2226 sentire
1205 2162 1320 2244 audeo,

367 2255 453 2341 quod
469 2278 577 2320 omnes
591 2255 740 2320 clamant.
786 2254 899 2321 Dicam
915 2280 991 2342 ergo
1008 2281 1080 2322 cum
1104 2273 1212 2325 sancto
1232 2261 1321 2327 Salo-

367 2378 475 2420 mone:
516 2357 599 2434 Quia
627 2354 827 2419 medicinaa
857 2356 985 2421 domino
1012 2357 1083 2423 Deo
1109 2374 1178 2436 est;
1213 2372 1245 2425 et
1271 2362 1320 2426 vir

369 2460 491 2543 sapiens
509 2480 572 2521 non
591 2471 771 2523 contemnet
791 2480 871 2522 eam.
917 2459 1019 2521 Nemo
1039 2449 1197 2545 siquidem
1218 2462 1320 2547 magis

369 2561 559 2625 necessarius
574 2574 623 2625 est
638 2574 694 2625 aut
713 2559 821 2624 utilior
832 2559 964 2641 medico,
976 2559 1149 2625 dummodo
1161 2562 1201 2625 sit
1218 2561 1320 2627 fidelis

368 2673 399 2722 et
425 2661 577 2745 prudens.
623 2661 701 2739 Quis
730 2660 812 2724 euim
843 2662 1002 2747 praeconia
1030 2660 1116 2725 illius
1144 2661 1320 2727 declamare

372 2761 519 2839 sufficiat,
536 2763 590 2848 qui
607 2762 716 2829 salutis
731 2761 860 2838 artifex,
876 2777 908 2826 et
923 2775 1105 2849 procreator
1121 2764 1205 2840 vitae,
1228 2764 1260 2827 in
1283 2787 1320 2829 eo

370 2862 544 2927 Dominum
559 2864 714 2940 imitatur,
730 2877 761 2929 et
783 2864 866 2929 vices
881 2865 951 2951 ejus
970 2865 1048 2951 agit,
1069 2866 1157 2952 quod
1176 2868 1321 2949 salutem,

368 2988 465 3051 quam
481 2964 535 3029 ille
550 2980 712 3053 operatur,
715 2977 761 3072 ⁴et
776 2966 868 3052 quasi
881 2968 1040 3031 Dominus
1051 2980 1084 3033 et
1101 2968 1249 3053 princeps
1263 2966 1319 3031 do·

367 3077 434 3140 nat,
450 3067 509 3131 iste
524 3090 705 3133 oeconomus
720 3082 752 3134 et
768 3069 911 3132 minister
925 3080 1077 3156 procurat
1091 3082 1123 3134 et
1135 3069 1319 3155 dispensat?

369 3168 436 3233 Nec
458 3170 499 3234 ad
521 3194 587 3236 rem
610 3172 737 3249 attinet,
760 3170 784 3236 si
809 3173 865 3256 qui
886 3171 1144 3257 pseudogratiam
1166 3171 1321 3253 vendunt,

366 3271 476 3358 etqui
496 3272 653 3358 justiores
674 3272 773 3337 videri
799 3271 922 3345 volunt,
946 3271 1023 3336 dum
1050 3269 1130 3334 nihil
1155 3271 1321 3356 accipiant,

370 3384 541 3458 antequam
568 3396 653 3458 aegcr
676 3378 886 3449 convalescat,
912 3374 944 3437 iu
970 3396 1008 3444 eo
1033 3372 1207 3459 iniquiores
1233 3386 1319 3453 sunt,

371 3474 459 3559 quod
479 3474 666 3538 beneficium
688 3476 850 3561 temporis,
864 3479 929 3540 imo
948 3498 1064 3540 munus
1085 3478 1157 3550 Dei,
1175 3474 1322 3541 manibus

372 3575 438 3640 suis
452 3574 649 3656 adscribunt,
663 3599 762 3662 quum
778 3576 831 3641 ille
846 3600 943 3663 quem
960 3581 1048 3643 Deus
1068 3577 1162 3662 erigit
1181 3593 1213 3643 et
1229 3577 1321 3664 vigor

370 3690 494 3743 naturae
516 3678 772 3759 convalescentis,
794 3679 875 3743 citra
894 3702 1022 3765 operam
1046 3681 1116 3766 ejus
1137 3680 1243 3744 fuerat
1261 3702 1321 3743 err·

367 3779 501 3865 geudus.
546 3778 700 3858 Quamvis
721 3780 808 3844 istud
830 3782 899 3867 jam
922 3804 1095 3867 paucorum
1118 3784 1171 3860 sit,
1193 3781 1253 3844 sibi
1275 3782 1323 3844 in·

367 3880 465 3945 vicem
496 3880 705 3946 suadentibus
734 3892 765 3944 et
795 3880 1023 3966 replicantibus
1052 3880 1192 3960 medicis,
1221 3880 1322 3959 Dum,

368 3980 454 4046 dolet
470 3981 588 4066 accipe.
635 3984 703 4044 Nec
719 4001 846 4043 moveor
863 3984 888 4043 si
904 4003 1001 4066 opera
1015 4002 1125 4044 eorum
1141 3980 1173 4043 in
1191 4003 1223 4043 se
1237 4001 1322 4043 com-

368 4095 523 4169 pugnent,
547 4104 649 4168 quum
676 4079 770 4145 sciam
787 4084 1018 4148 contrariorum
1042 4080 1232 4167 plerumque
1253 4102 1321 4145 esse

367 4184 503 4247 eundem
514 4183 671 4247 effectum.
719 4181 780 4246 Sed
793 4204 893 4268 quum
904 4181 987 4245 inter
1000 4205 1112 4247 manus
1126 4203 1236 4244 corum
1247 4180 1321 4267 quis

367 4281 398 4344 in
419 4279 486 4346 iata
506 4281 665 4367 collapsus
688 4295 746 4359 est,
763 4294 840 4346 tunc
862 4278 1050 4344 necessarias
1071 4279 1247 4364 producent
1271 4301 1319 4341 ra·
