3384 5234
416 678 476 737 144
670 688 806 732 scaurus
822 686 1097 733 saunssnmsusrs
1228 671 1311 751 [mu.
1328 689 1363 734 11.

413 840 526 926 spiritu
540 850 715 902 exercetur.
747 838 833 900 Hinc
849 851 898 901 est
913 838 1000 922 quod
1014 838 1212 902 Hierusalem
1225 839 1360 904 ruiturae

414 942 553 1028 Spiritus
568 951 695 1004 sauctus
716 937 930 1024 improperat:
955 938 1118 1025 Principes
1140 940 1189 1003 tui
1205 939 1237 1001 iu
1252 961 1362 1003 mune-

413 1042 503 1105 ribus
526 1038 728 1125 judicabant‚
754 1038 932 1102 sacerdotes
960 1039 992 1102 in
1023 1039 1166 1104 mercede
1196 1039 1366 1119 docebant,

412 1160 445 1207 et
470 1141 634 1228 propbeta
660 1139 691 1202 in
723 1139 858 1224 pecunia
883 1139 1082 1217 divinabant,
1106 1155 1138 1205 et
1169 1164 1264 1227 snper
1294 1144 1361 1206 Do-

412 1246 533 1309 minum
556 1240 794 1328 requiescebant
822 1240 980 1306 dicentes:
1012 1243 1182 1329 Numquid
1206 1266 1268 1307 non
1295 1247 1362 1308 Do·

412 1346 519 1409 minus
533 1355 580 1409 est
595 1343 627 1406 in
643 1343 747 1407 medio
762 1340 930 1407 nostrum?
960 1347 1033 1409 Non
1051 1346 1177 1409 venient
1193 1367 1290 1430 supra
1305 1365 1361 1407 nos

411 1446 504 1511 mala.
549 1447 723 1529 Propterea
748 1443 825 1508 dicit
853 1443 1029 1509 Dominus:
1070 1446 1143 1509 Sion
1171 1444 1261 1531 quasi
1286 1466 1361 1529 ager

412 1548 566 1626 arabitur,
591 1559 623 1609 et
651 1544 849 1610 Hierusalem
877 1557 913 1609 ut
943 1545 1087 1609 custodia
1116 1547 1260 1632 pomoerii
1290 1547 1361 1610 erit.

412 1648 477 1723 Qui
502 1671 579 1732 ergo
604 1648 637 1710 in
663 1645 796 1731 pecunia
820 1645 1018 1723 divinabant,
1044 1648 1103 1712 etsi
1131 1649 1361 1734 prophetarum

410 1750 566 1815 insultant
592 1747 728 1821 nomine,
753 1766 838 1831 saepe
862 1748 1037 1829 mendaces,
1061 1771 1184 1835 semper
1209 1748 1361 1827 mendosi,

410 1852 505 1916 alieni
523 1864 595 1915 sunt
620 1874 640 1915 a
654 1849 773 1914 virtute
797 1863 829 1913 et
852 1850 1031 1935 propbetiae
1045 1852 1188 1917 veritate.
1233 1855 1271 1916 In
1296 1853 1362 1935 Py·
1427 1891 1438 1908 ,

410 1954 519 2026 tbone,
545 1951 668 2036 inquit:
704 1949 791 2034 quasi
823 1950 926 2014 dicata
963 1954 1047 2029 Quia
1076 1954 1202 2019 recessit
1232 1952 1360 2038 spiritus

411 2051 552 2127 Domini,
564 2051 614 2113 vel
626 2050 823 2134 Pythonicus
835 2052 1049 2135 patrocinetur
1064 2054 1153 2116 mibi.
1183 2056 1228 2116 Et
1243 2055 1361 2118 suscita

409 2150 488 2214 mihi
513 2169 606 2234 quem
637 2149 748 2214 dixero
778 2149 848 2215 tibi.
904 2152 1027 2236 Utique
1052 2152 1177 2215 fallacia
1202 2152 1358 2216 fallaciam

409 2249 521 2315 trudit.
576 2251 682 2314 Datus
707 2271 762 2312 rex
792 2250 825 2312 in
853 2273 977 2314 sensum
1008 2253 1191 2337 reprobum,
1217 2252 1273 2337 qui
1299 2253 1359 2316 sibi

409 2361 605 2437 persuaserat
628 2350 808 2435 Pythonem
831 2350 971 2416 scientiae
995 2351 1176 2437 praesulem,
1191 2352 1357 2437 praescium

408 2452 605 2529 futurorum,
630 2451 735 2515 arcani
759 2451 881 2516 consilii
905 2453 1074 2532 conscium,
1095 2453 1238 2518 veritatis
1261 2454 1358 2518 inter·

408 2541 541 2638 prolem,
556 2550 616 2615 sibi
640 2574 768 2637 quoque
789 2555 958 2637 persuasit,
974 2552 1110 2617 eundem
1130 2564 1219 2616 tanta
1240 2553 1358 2637 praedi-

408 2664 476 2715 tum
493 2663 660 2735 potestate,
677 2662 713 2714 ut
737 2663 843 2737 posset
867 2651 962 2716 etiam
981 2663 1125 2718 mortuos
1147 2652 1309 2730 suscitare,
1325 2667 1357 2717 et

407 2764 506 2818 tantae
529 2751 744 2836 benignitatis,
760 2763 796 2816 ut
811 2751 905 2815 etiarn
930 2753 962 2816 in
986 2776 1035 2831 eo,
1051 2753 1138 2839 quod
1163 2754 1358 2819 rarissimum

406 2865 501 2917 estet
524 2851 757 2927 difficillimum,
772 2850 983 2916 familiaribus
998 2857 1063 2919 suis
1080 2875 1198 2917 morem
1222 2867 1356 2938 gereret.

407 2950 623 3016 Proculdubio
638 2954 777 3037 elapsum
794 2963 862 3015 erat
877 2974 895 3014 a
913 2952 1064 3016 memoria
1086 2953 1167 3038 ejus,
1183 2969 1240 3018 aut
1263 2954 1357 3019 inuti·

407 3052 479 3117 liter
490 3054 658 3118 tenebatur
668 3052 826 3117 canticum
838 3052 941 3117 fidelis
952 3054 1083 3119 animae:
1109 3056 1188 3139 quia
1200 3056 1357 3120 Dominus

407 3168 453 3218 est
476 3154 534 3240 qui
557 3154 726 3219 mortificat
749 3166 781 3219 et
803 3154 952 3232 vivificat,
965 3154 1098 3219 deducit
1121 3155 1162 3219 ad
1184 3156 1303 3221 inferos
1325 3175 1357 3222 et

406 3256 540 3336 reducit,
557 3278 726 3341 pauperem
743 3255 819 3321 facit
834 3269 867 3320 et
882 3255 976 3333 ditat,
989 3255 1136 3321 humiliat
1150 3270 1183 3322 et
1198 3258 1355 3335 sublevat,

405 3369 436 3421 et
453 3355 539 3442 quod
555 3357 586 3419 in
604 3379 636 3420 se
651 3356 720 3441 ipso
735 3355 901 3442 impletum
919 3357 1041 3422 viderat
1059 3357 1145 3433 Saul,
1162 3359 1293 3425 suscitat
1315 3359 1356 3423 de

406 3455 536 3540 pulvere
551 3476 697 3539 egenum,
715 3468 751 3518 ut
767 3456 873 3520 sedeat
890 3479 962 3520 cum
977 3456 1175 3543 principibus
1190 3470 1222 3521 et
1243 3457 1354 3522 solium

403 3555 514 3639 gloriae
530 3566 645 3619 teneat.
689 3558 735 3618 Et
757 3556 813 3640 qui
837 3557 904 3620 haec
922 3557 1010 3635 facit,
1027 3556 1237 3642 proculdubio
1259 3560 1355 3623 scieu-

405 3652 521 3715 tiarum
538 3652 696 3716 Dominus
711 3668 767 3717 est.
806 3656 852 3719 Et
868 3654 911 3719 ait
927 3656 1041 3720 mulier
1059 3657 1099 3720 ad
1115 3680 1200 3733 eum,
1217 3660 1301 3721 Ecce
1316 3673 1353 3722 tu

404 3752 485 3815 nosti
501 3763 622 3835 quanta
637 3753 746 3816 fecerit
764 3755 853 3833 Saul,
866 3768 898 3818 et
918 3757 1080 3840 quomodo
1095 3757 1224 3821 eraserit
1246 3780 1355 3843 magos

403 3861 434 3914 et
450 3849 564 3913 ariolos
579 3848 619 3913 de
636 3863 729 3914 terra.
768 3853 874 3928 Quare
890 3876 965 3937 ergo
980 3854 1137 3920 insidiaris
1147 3857 1261 3921 animae
1276 3880 1355 3923 meae

404 3964 441 4016 ut
463 3951 611 4014 occidar?
651 3954 696 4016 Et
714 3952 835 4038 juravit
858 3954 886 4016 ei
907 3956 983 4020 Saul
1006 3955 1037 4018 in
1063 3958 1211 4035 Domino,
1227 3959 1353 4024 diceus:

405 4050 491 4116 Vivit
508 4051 666 4117 Dominus
688 4054 841 4137 quianon
866 4056 988 4120 eveniet
1011 4058 1070 4121 tibi
1092 4060 1263 4144 quicquam
1280 4058 1355 4121 mali

403 4163 534 4237 propter
564 4151 644 4215 banc
671 4175 746 4216 rem.
801 4158 919 4218 Verum
952 4157 1080 4240 quidem
1107 4172 1166 4233 est,
1191 4157 1268 4243 quia
1288 4152 1355 4243 'qui

404 4266 551 4318 versatur·
566 4256 597 4316 in
614 4254 770 4332 sordibus,
785 4255 934 4319 sordescit
952 4258 1088 4343 amplius
1098 4282 1107 4337 ;
1130 4272 1161 4322 et
1174 4280 1269 4343 quem
1285 4282 1357 4344 gra-
