3384 5234
369 675 444 737 cai.
461 671 522 757 1v.]
709 687 964 734 roiucafflcns.
1280 664 1318 724 at

370 854 429 922 est,
444 845 472 907 si
486 845 619 907 honesta
635 864 733 907 causa
753 841 959 924 praecesserit.
997 838 1078 911 Quis
1094 847 1199 900 tamen
1216 834 1320 897 homi·

368 966 444 1008 num
471 964 653 1027 canumque
684 942 864 1007 construxit
888 940 1076 1015 exercitum,
1102 948 1227 1000 utnon
1254 948 1320 997 tam

366 1069 435 1126 sua,
461 1068 555 1130 quam
583 1046 689 1109 aliena
720 1045 848 1121 virtute,
873 1063 948 1106 cum
973 1042 1083 1104 bestiis
1110 1037 1319 1103 dimicarent?

368 1146 511 1223 Quidni?
549 1147 711 1210 infelicem
742 1144 910 1209 bestiolam
940 1147 1143 1228 lepusculum
1172 1141 1318 1205 timidum

367 1260 456 1314 tauto
471 1250 605 1313 fortasse
623 1247 819 1332 praedabitur
834 1259 1000 1331 apparatu.
1037 1247 1075 1309 Si
1094 1267 1167 1309 vero
1188 1244 1319 1309 clariore

369 1351 487 1434 praeda,
497 1371 591 1414 cervo
603 1350 683 1413 forte
695 1349 748 1412 vel
761 1369 851 1431 apro,
861 1349 1044 1412 venantium
1054 1347 1146 1410 labor
1157 1343 1320 1417 effulserit,

370 1452 408 1514 fit
436 1453 567 1535 plausus
597 1451 817 1525 intolerabilis,
848 1452 995 1514 exultant
1023 1460 1196 1526 venatores,
1221 1456 1319 1528 caput

370 1553 490 1637 praedae
513 1563 546 1616 et
569 1553 722 1616 solemnia
746 1551 895 1636 quaedam
919 1552 1024 1635 spolia
1051 1548 1321 1633 triumphantibus

369 1655 587 1737 praeferuntur,
598 1674 704 1734 regem
721 1651 955 1736 Cappadocum
966 1662 1094 1734 captum
1111 1649 1233 1713 credas.
1265 1648 1319 1712 Sic

370 1757 550 1821 cornicines
563 1765 595 1819 et
609 1756 757 1820 tibicines
778 1755 889 1819 videas
905 1756 1044 1819 victoriae
1065 1756 1196 1836 gloriam
1214 1752 1320 1817 decla·

372 1879 449 1922 rare.
488 1859 556 1920 Illis
577 1868 724 1921 moestum
747 1857 864 1920 indicit
883 1857 1001 1920 semina
1023 1869 1119 1939 capta
1141 1856 1321 1931 silentium3

370 1960 422 2023 vel
437 1959 462 2023 si
479 1960 557 2023 forto
579 1958 687 2043 praeda
707 1961 856 2035 nobilior,
872 1960 1189 2023 circumvenientium
1211 1958 1320 2042 potius

368 2061 488 2150 fraude,
503 2083 599 2145 quam
615 2061 735 2125 viribus
750 2073 977 2145 prosternatur.
1023 2062 1057 2125 si
1073 2063 1252 2144 capreolus,
1269 2062 1319 2123 vel

368 2165 460 2246 lepus
483 2163 647 2242 ceciderit,
668 2165 823 2249 triumphi
850 2165 951 2247 gloria
972 2174 1136 2248 reputatur
1160 2164 1320 2244 indignus.

368 2267 525 2330 Praeterea
539 2268 581 2329 ab
596 2276 710 2331 octavo
726 2267 827 2350 gradu
842 2268 1031 2351 capricorni,
1047 2289 1149 2352 usque
1165 2265 1206 2329 ad
1222 2265 1321 2347 gemi-

369 2389 439 2444 nos,
455 2368 624 2431 tibicinum
647 2380 680 2431 et
701 2370 900 2434 cornicinum
923 2370 1079 2434 exultatio
1100 2368 1320 2452 conquiescit3

370 2467 432 2529 uisi
451 2469 548 2550 lupus
567 2477 624 2530 aut
642 2467 744 2530 hostis
765 2468 945 2544 immanior,
964 2469 1015 2531 leo
1038 2471 1128 2544 forte,
1149 2472 1199 2532 vel
1221 2469 1322 2550 tigris,

369 2580 426 2633 aut
436 2568 567 2653 pardus,
576 2569 609 2631 in
619 2568 760 2652 praedam
769 2570 902 2649 venerit,
912 2589 985 2655 quoe
995 2571 1123 2653 quidem
1132 2581 1320 2642 nostratum,

371 2668 444 2732 Deo
463 2668 670 2752 propitiante,
689 2690 759 2733 rara
779 2667 878 2751 gloria
897 2682 956 2746 est,
978 2692 1075 2755 quum
1096 2680 1202 2733 tamen
1222 2670 1321 2731 totius

371 2771 446 2833 anni
474 2771 639 2854 prolixitas
663 2773 759 2835 variis
783 2774 967 2837 venantium
995 2773 1110 2837 studiis
1136 2782 1321 2854 occupetur.

370 2870 489 2934 Albani
507 2871 637 2956 quidem
660 2873 694 2935 in
710 2874 786 2936 Asia
809 2895 907 2937 canes
928 2876 1050 2938 habent
1071 2876 1220 2937 leonibus
1235 2874 1321 2936 sorti·

369 2994 455 3035 ores:
479 2994 534 3036 eos
550 2974 664 3038 virtute
680 2997 808 3053 canum,
822 2987 856 3040 et
871 2998 937 3040 suae
953 2976 1057 3058 gentis
1072 2976 1219 3049 artificio,
1231 2976 1321 3059 quasi

368 3075 514 3138 imbelles
528 3076 684 3140 bestiolas
703 3080 906 3159 populantur.
945 3079 1089 3144 Canibus
1111 3077 1241 3161 quidem
1256 3077 1321 3140 illis

367 3177 456 3238 nulla
470 3176 605 3240 ferarum
620 3178 740 3257 fortior,
756 3182 844 3255 nulla
860 3180 1032 3243 animosior
1046 3191 1103 3243 est.
1151 3175 1221 3241 Hos
1238 3180 1320 3242 Her·

368 3279 458 3341 cules
477 3280 654 3359 tergemino
675 3282 816 3344 Gerione
837 3284 932 3353 victo,
957 3284 998 3345 ab
1023 3282 1119 3346 Italia
1139 3282 1264 3367 trajecit
1286 3283 1320 3345 in

368 3378 490 3456 Asiam,
502 3380 547 3443 eis
562 3381 707 3444 virtutem
725 3405 788 3466 qua
803 3386 913 3448 leones
928 3394 1115 3463 sternerent,
1127 3384 1216 3468 quasi
1232 3385 1320 3447 here-

368 3480 515 3543 ditariam
538 3481 773 3567 derelinquens.
820 3486 869 3548 Ad
896 3488 964 3550 haec
991 3486 1187 3551 camificium
1211 3508 1321 3549 eorum

368 3591 467 3645 artem
482 3584 593 3665 exigit,
611 3595 643 3647 et
658 3595 758 3648 artem
773 3587 860 3662 facit,
876 3609 968 3650 suum
983 3590 1082 3653 habet
1096 3587 1257 3671 opificem,

547 3688 751 3742 chironomanta
762 3690 861 3743 volanti
873 3692 996 3759 Cnltello,

367 3807 454 3848 nttnc
475 3786 615 3870 pugione
636 3788 757 3865 stricto,
773 3810 860 3852 nuuc
880 3791 1032 3856 hebetata
1052 3793 1211 3856 machaera
1230 3795 1322 3857 mira·

367 3886 454 3963 bilis,
469 3886 498 3949 si
515 3897 547 3949 te
563 3908 642 3949 casu
664 3888 828 3952 solemniis
850 3911 960 3953 eorum
979 3892 1146 3973 contigerit
1161 3893 1321 3956 interesse.

367 3986 456 4049 Cave
472 3996 581 4050 tamen
597 4009 637 4049 nc
654 3989 790 4052 Martem
805 3991 962 4074 loquendi
982 3993 1077 4055 verbo
1094 3994 1206 4076 quovis
1222 3995 1322 4057 offen-

369 4086 447 4165 das;
473 4088 551 4170 quia
565 4099 621 4150 aut
636 4090 813 4171 vapulabis,
829 4102 885 4153 ant
904 4092 1169 4157 condemnaberis
1186 4095 1322 4157 inscitiae

368 4188 528 4251 bonorum
553 4189 708 4268 omnium,
733 4191 760 4252 si
785 4212 896 4255 eorum
922 4193 1075 4275 figmenta
1100 4217 1163 4257 non
1188 4193 1324 4256 noveris.

368 4287 453 4352 Hac
463 4298 539 4353 sunt
550 4290 749 4371 temporibus
758 4292 874 4355 nostris
885 4294 1029 4358 liberalia
1040 4295 1195 4357 nobilium
1208 4289 1325 4368 studia,
