3384 5234
321 667 391 716 aar.
407 655 485 734 xm]
660 672 915 718 ronrcnarrcus.
1230 665 1271 722 47

303 817 540 902 geomantiam,
556 821 737 909 multasque
758 824 876 910 species
895 822 1018 886 videbis
1032 844 1073 887 cx
1093 823 1143 889 his
1156 826 1270 911 capiti·

320 920 382 983 bus
407 921 576 1006 pullulare,
598 924 664 987 sive
685 939 764 1005 arte,
786 929 853 989 sive
881 926 989 988 furore
1018 923 1173 990 divinatio
1201 949 1272 1012 per-

320 1034 453 1105 agatur:
487 1047 623 1109 quarum
651 1027 788 1108 nomina,
810 1026 946 1111 exempli
970 1048 1075 1106 causa,
1097 1026 1147 1091 vel
1171 1050 1273 1113 pauca

320 1120 496 1210 subjiciam.

322 1393 401 1476 Cap.
431 1397 480 1455 12.
515 1396 581 1468 eri
608 1397 676 1457 sint
704 1396 932 1469 incantatores,
963 1395 1067 1473 arioli,
1095 1397 1272 1477 aruspices,

361 1495 497 1573 physici,
508 1497 662 1572 caliculi,
675 1497 873 1576 imapirtarir',
889 1496 1085 1574 conjectores,
1101 1497 1276 1560 chiroman-

365 1595 432 1669 tici,
453 1596 635 1675 specularii,
654 1596 880 1672 mathematici,
894 1597 1103 1672 salissatores,
1122 1596 1275 1677 sortilegi,

367 1715 521 1775 augures.

367 1837 620 1899 luanurn'ronns
634 1834 763 1921 quidem
780 1847 864 1916 sunt,
876 1835 931 1921 qui
946 1850 1045 1901 artem
1063 1837 1166 1901 verbis
1181 1860 1274 1902 exer·

324 1947 405 2000 cent.
449 1936 560 2011 Amuli,
589 1938 646 2023 qui
676 1937 761 2001 circa
790 1958 861 2000 aras
889 1937 1041 2001 nefandas
1071 1959 1189 2024 preces,
1219 1952 1275 2004 aut

325 2049 470 2100 execrata
490 2037 641 2102 sacrificia
660 2037 794 2117 faciunt,
815 2038 847 2101 in
872 2061 1006 2124 quorum
1029 2040 1205 2106 cervicibus
1227 2054 1275 2104 est

325 2162 436 2204 marrus
457 2141 600 2218 Domini,
618 2140 743 2206 dicente
757 2141 932 2227 propheta:
964 2142 1090 2208 Ariolos
1111 2156 1144 2208 et
1166 2163 1276 2226 magos

324 2263 385 2303 non
401 2241 531 2327 patieris
546 2243 661 2308 vivere.
696 2232 870 2329 Aruspices
885 2256 959 2307 sunt
974 2243 1168 2329 inspectores
1183 2245 1276 2309 hora·

324 2366 405 2417 rum,
434 2345 676 2429 praescribentes
706 2346 784 2431 quid
813 2367 878 2432 qua
907 2344 986 2409 hora
1014 2347 1085 2411 fieri
1115 2345 1276 2432 expediat,

321 2467 460 2531 quarum
475 2464 613 2512 errarem
632 2448 797 2512 damnavit
813 2445 987 2533 Apostolus
1001 2447 1126 2512 dicens:
1160 2448 1276 2512 Timeo
1349 2489 1355 2497 ·

325 2567 364 2611 ne
378 2549 498 2614 frustra
516 2549 725 2614 laboraverim
742 2550 776 2613 iu
797 2550 898 2622 vobis,
913 2548 1090 2614 observatis
1108 2550 1192 2612 enim
1210 2549 1277 2614 dies

322 2662 358 2715 at
373 2672 482 2727 annos,
497 2662 529 2716 et
544 2671 667 2715 menses
681 2663 714 2715 et
730 2664 884 2736 tempora,
900 2673 1001 2737 quum
1016 2650 1151 2714 felicitas
1172 2650 1277 2734 operis

324 2771 389 2816 non
401 2775 420 2814 a
430 2762 585 2837 tempore,
598 2752 653 2816 sed
669 2774 688 2816 a
699 2752 824 2816 nomine
837 2752 969 2817 Domini
980 2751 1096 2817 debeat
1106 2750 1278 2837 expectari.

327 2853 531 2939 Aruspicium
557 2878 687 2941 quoque
712 2857 746 2919 in
777 2868 923 2920 extorum
953 2856 1149 2941 inspectione
1178 2852 1276 2938 riget,

325 2977 423 3040 quam
446 2969 547 3020 artem
563 2958 670 3042 Tages
688 2956 821 3043 quidam
833 2956 953 3023 dicitur
974 2955 1138 3019 invenisse.
1179 2954 1275 3020 Unde

330 3056 502 3120 Lucanus:

468 3164 558 3216 libna
569 3165 603 3217 sit
614 3166 685 3219 nella
695 3166 773 3230 fides,
784 3166 831 3220 sed
843 3166 960 3219 conditor
971 3166 1035 3217 artis

435 3250 556 3303 Finxerit
564 3251 617 3303 ists
628 3251 726 3321 Tages.

327 3348 487 3410 Extorum
514 3368 588 3409 vero
612 3351 738 3413 nomine
763 3360 932 3411 censentur
953 3347 1070 3423 omnis,
1093 3367 1166 3431 quoe
1192 3348 1276 3411 cutis

329 3448 532 3512 extremitate
547 3458 710 3533 teguntur.
756 3450 810 3513 Ex
825 3472 891 3534 quo
908 3448 1007 3534 liquet
1028 3469 1082 3511 eos
1101 3468 1168 3510 esse
1189 3469 1279 3511 arus·

328 3549 425 3637 pices,
451 3551 508 3636 qui
540 3551 753 3618 vaticinantur
778 3551 809 3615 in
837 3552 962 3616 ossibus
991 3550 1187 3631 animalium,
1212 3550 1279 3614 sive

328 3652 504 3737 sauguine?
540 3653 607 3717 sive
632 3654 745 3719 lutura
766 3654 996 3739 praenuncient,
1019 3652 1085 3717 sive
1110 3654 1280 3737 praesentia

327 3757 547 3839 pronuncient,
560 3756 610 3819 vel
624 3758 796 3841 praeterita
836 3754 1029 3819 vaticinium
1045 3753 1203 3839 siquidem
1219 3765 1278 3829 est,

329 3879 405 3943 que,
419 3878 492 3920 cum
511 3856 721 3943 intelligentia
743 3858 822 3931 veri,
844 3857 1030 3921 abscondita
1052 3856 1277 3942 proferuntur:

327 3978 428 4043 quum
437 3971 472 4025 et
483 3958 685 4046 prophetiam
697 3981 759 4022 non
771 3957 868 4022 modo
882 3958 923 4021 de
937 3957 1055 4023 futuris
1066 3968 1190 4021 constet
1201 3979 1280 4034 esse,

328 4060 382 4123 sed
398 4059 438 4124 de
453 4061 674 4147 praesentibus,
689 4072 722 4124 et
736 4060 866 4135 futuris,
881 4073 913 4124 et
932 4058 1111 4146 praeteritis·
1157 4056 1191 4121 Si
1206 4080 1280 4121 vero

329 4161 520 4227 adhibeatur
545 4166 684 4247 sanguis,
712 4160 752 4225 ad
778 4162 1024 4227 necromantiam
1046 4162 1114 4247 jam
1140 4158 1280 4231 accedit3

238 4295 242 4302 ·
331 4285 401 4347 quse
411 4264 487 4328 inde
497 4264 626 4339 dicitur,
639 4262 725 4348 quod
738 4275 806 4327 tota
817 4261 849 4325 in
860 4275 1059 4328 mortuorum
1073 4259 1279 4345 inquisitione
