3384 5234
416 690 456 746 52
671 700 807 744 mamus
825 698 1102 747 saansaammvsrs
1244 683 1326 757 [ma.
1344 700 1367 743 1.

731 850 847 901 bissenos
859 848 980 902 laeuntes
992 866 1052 902 aere
1063 866 1160 918 cygnos

418 950 564 1013 reducem
581 950 711 1013 classem
729 951 853 1028 AErmae,
871 953 1002 1016 Veneris
1017 952 1168 1015 vaticinio
1183 952 1367 1015 nunciasse?

419 1052 539 1115 Eorum
564 1073 700 1136 namque
729 1050 872 1115 hilaritas
902 1074 963 1114 non
995 1051 1089 1115 morlo
1115 1053 1232 1132 nautis,
1257 1052 1312 1115 sed
1336 1064 1368 1115 et

367 1186 374 1197 ·
417 1154 599 1239 quibusque
623 1152 901 1237 peregrinantibus
927 1153 1066 1216 felicium
1093 1168 1264 1217 eventuum
1296 1177 1367 1238 gra-

418 1258 495 1319 tiam
512 1255 658 1338 spondet,
670 1254 729 1318 nisi
743 1253 883 1317 fortioris
894 1267 1062 1339 superetur
1074 1255 1222 1319 adventu.
1253 1254 1371 1340 Aquila

419 1380 556 1442 namque
572 1358 654 1420 siout
678 1380 733 1420 rex
756 1356 864 1420 avium
885 1369 944 1434 cst,
961 1359 985 1421 si
1007 1380 1070 1420 non
1092 1351 1260 1420 alarionem
1284 1356 1371 1421 exci-

420 1459 500 1545 pias,
523 1482 597 1544 quae
620 1459 703 1523 forte
729 1458 908 1545 aquilarum
932 1459 1050 1544 species
1072 1459 1291 1546 potentissima
1312 1472 1371 1538 est,

419 1562 510 1647 regni
525 1563 574 1626 sui
591 1564 755 1649 majestate
766 1562 906 1625 omnium
920 1562 1038 1641 avium,
1050 1562 1076 1626 si
1088 1578 1197 1627 contra
1208 1564 1370 1649 loquatur,

420 1664 515 1728 iidem
546 1678 688 1749 evacuat.
744 1668 899 1728 Potuerat
928 1664 1015 1750 apud
1048 1665 1185 1730 Statium
1215 1666 1371 1751 praesagio

420 1765 586 1830 volucrum
604 1767 789 1830 Graecorum
812 1765 971 1829 exercitus
993 1766 1175 1831 confortari.
1221 1768 1284 1833 Sed
1307 1768 1371 1830 sor·

418 1869 481 1933 tior
506 1892 577 1932 ecce
603 1868 776 1932 adventans
798 1890 856 1953 per
881 1868 974 1931 inane
998 1868 1131 1932 cohors:
1171 1870 1369 1955 Amphiarao

419 1969 602 2054 interprete,
633 1973 819 2033 Graecorum
859 1992 989 2055 quoque
1025 1969 1170 2045 exitium,
1207 1971 1368 2056 patefecit.

421 2070 512 2134 Licet
538 2070 620 2133 enim
647 2071 754 2155 aquila
777 2069 977 2155 quarundam
1000 2071 1106 2134 avium
1131 2071 1253 2135 viribus
1279 2095 1371 2157 supe-

420 2185 520 2249 retur,
550 2172 583 2235 in
613 2171 884 2257 praenunciatione
914 2170 980 2236 veri
1006 2172 1093 2236 nulla
1123 2172 1284 2258 potentior
1312 2184 1369 2236 est.

422 2274 554 2339 Cunctis
583 2273 739 2359 siquidem
769 2274 882 2338 avibus
912 2274 1116 2339 excellentius
1145 2264 1242 2349 balat,
1268 2287 1300 2338 et
1329 2274 1371 2337 ab

419 2375 520 2461 ipsius
536 2375 629 2441 «lovis
652 2398 766 2440 arcano
781 2398 943 2461 nunquam
960 2376 1153 2441 excluditur.
1199 2379 1371 2462 Quumque

421 2489 510 2541 tanto
540 2477 626 2542 visus
654 2478 798 2542 acumine
823 2477 931 2564 vigere
955 2477 1090 2554 dicatur,
1118 2490 1154 2544 ut
1181 2479 1221 2543 ab
1252 2480 1369 2544 aetlrere

421 2601 545 2642 summo
566 2578 733 2664 pisciculos
755 2578 787 2643 in
811 2580 913 2644 fundo
935 2582 1030 2644 maris
1056 2592 1256 2657 contueatur,
1280 2593 1313 2644 et
1338 2580 1371 2643 in

419 2681 527 2766 ipsum
549 2683 656 2752 solem,
674 2680 760 2765 quod
785 2680 864 2745 nulli
885 2681 1091 2746 animantium
1113 2682 1198 2762 licet,
1212 2681 1289 2764 figat
1312 2681 1369 2744 ob·

421 2793 540 2858 tutum,
564 2805 712 2845 sensuum
736 2781 866 2868 quidem
890 2783 1065 2848 subtilitate
1087 2783 1128 2847 de
1152 2783 1245 2846 Jovis
1266 2781 1370 2867 gratia

421 2883 642 2948 conscientiam
664 2884 807 2949 veritatis
826 2907 997 2970 rerumque
1019 2885 1170 2970 mysteria
1192 2897 1371 2949 mutuatur.

423 2986 502 3063 Quis
524 2986 605 3049 enim
629 2984 744 3049 falsum
765 2985 968 3073 interpretem
994 2987 1091 3063 dicat,
1112 3010 1208 3072 quem
1232 2986 1373 3050 consilio-

422 3111 494 3152 rum
518 3089 609 3153 Jovis
631 3089 720 3153 novit
743 3112 809 3154 esse
831 3088 1042 3175 participem?
1088 3089 1200 3153 Locris
1222 3088 1373 3153 adversus

424 3191 646 3255 Crotonienses
670 3190 908 3267 dimicantibus,
933 3191 1044 3277 aquila
1065 3190 1141 3254 dum
1169 3192 1374 3278 pugnabatur

421 3293 625 3378 supervolans
641 3293 805 3356 victoriam
821 3292 942 3355 dicitur
956 3293 1139 3368 contulisse,
1155 3315 1257 3377 quum
1278 3290 1371 3377 pauci

422 3416 553 3457 numero
569 3394 743 3457 deleverint
758 3393 907 3457 infinitos.
940 3395 1012 3455 Hoc
1027 3406 1131 3455 tamen
1150 3393 1294 3457 validiori
1310 3393 1373 3477 sig·

424 3517 465 3556 no
481 3495 631 3558 scribitur
654 3495 850 3569 roboratum,
867 3517 903 3557 eo
926 3493 1013 3579 quod
1031 3494 1096 3556 duo
1113 3494 1249 3577 juvenes
1265 3518 1373 3578 proce·

424 3594 514 3657 rioris
530 3608 673 3671 staturae,
689 3595 891 3678 elegantioris
907 3596 1028 3675 formae,
1042 3595 1074 3658 in
1097 3594 1233 3658 candido
1248 3594 1373 3674 habitu,

425 3695 467 3758 ab
491 3708 626 3780 utroque
650 3696 747 3760 latere
770 3697 891 3760 Locros
916 3696 1155 3781 praecesserint3
1188 3695 1316 3772 scilicet,
1339 3711 1375 3760 ut

426 3808 493 3859 erat
509 3798 683 3860 communis
698 3797 815 3881 opinio,
829 3800 943 3862 Castor
958 3811 990 3860 et
1005 3796 1132 3861 Pollux.
1172 3798 1288 3861 Omina
1302 3819 1378 3860 vero

427 3897 609 3981 hujusmodi
625 3920 725 3981 quum
742 3898 947 3979 geminantur
962 3899 1142 3984 potentiora
1157 3912 1241 3964 sunt.
1287 3903 1374 3963 Dum
1411 3973 1414 3979 Ι

428 3998 541 4071 Hier0‚
565 3998 604 4060 de
628 4021 692 4083 quo
719 4022 826 4083 supra,
850 3999 953 4084 prima
979 3999 1061 4062 bella
1081 4000 1185 4078 iniret,
1208 3998 1315 4083 aquila
1336 4022 1375 4060 ex

426 4099 598 4183 improviso
635 4098 750 4161 resedit
787 4099 820 4162 in
859 4101 972 4185 clypeo
1002 4100 1244 4185 progredientis,
1278 4119 1374 4160 manu

426 4213 609 4289 promptum
637 4222 805 4284 regemque
831 4201 978 4264 futurum
1006 4200 1193 4283 significans.
1245 4200 1294 4260 Ea
1324 4198 1375 4261 die

428 4328 492 4392 qua
508 4315 599 4367 natus
619 4317 666 4365 est
684 4300 878 4380 Alexander,
899 4303 972 4367 duae
994 4301 1110 4386 aquilae
1131 4314 1199 4364 tota
1223 4300 1275 4365 die
1296 4324 1376 4386 prae-
