3384 5234
380 641 383 647 '
429 642 470 700 aa
691 654 1122 700 Joruurssaausauuran'srs
1258 638 1338 717 [arn.
1355 657 1378 704 1.
1421 646 1423 649 ’

428 807 548 885 tabula,
563 807 632 870 urio
649 810 699 871 vel
722 807 865 871 dardana
885 829 1006 891 pugna,
1025 809 1168 888 tricolus,
1190 810 1291 888 senio,
1310 831 1378 873 mo·

430 909 580 986 narchus,
602 908 749 986 orbiculi,
770 909 953 986 taliorchus,
974 911 1097 993 vulpes,
1119 931 1253 993 quorum
1281 920 1379 975 artem

429 1008 539 1071 utilius
560 1018 609 1072 est
631 1007 795 1071 dediscere
818 1028 914 1092 quam
937 1008 1062 1071 docere.
1107 1010 1189 1081 Quis
1210 1008 1295 1073 enirn
1313 1033 1379 1075 non

429 1111 607 1187 erubescat,
623 1110 650 1172 si
670 1110 763 1172 sortis
785 1132 852 1173 suae
876 1110 1020 1188 gratiam,
1042 1131 1107 1173 non
1123 1111 1228 1174 virtuti
1252 1112 1378 1188 debeat,

429 1209 487 1273 sed
512 1209 652 1273 taxillis?
691 1211 772 1282 Quis
798 1210 897 1272 fritilli
926 1212 1081 1274 cautelam
1109 1232 1175 1275 suae
1200 1212 1379 1294 prudentiae

430 1333 495 1373 non
523 1310 630 1374 doleat
659 1309 829 1375 anteferri?
869 1311 986 1373 Nonne
1016 1313 1093 1374 satis
1120 1314 1300 1395 improbata
1329 1324 1378 1377 est

334 1419 337 1426 ’
429 1413 587 1497 cujusque
599 1413 673 1476 artis
685 1410 882 1485 exercitatio,
894 1434 955 1496 qua
968 1423 1086 1496 quanto
1097 1414 1234 1498 quisque
1246 1414 1380 1493 doctior,

429 1523 519 1577 tanto
536 1512 691 1598 nequior?
716 1516 845 1578 Aleator
860 1513 988 1597 quidem
1004 1514 1108 1577 omnis
1122 1516 1175 1577 hic
1191 1524 1251 1579 est.
1285 1517 1377 1583 Men-

430 1614 593 1677 daciorum
616 1614 772 1697 siquidem
795 1625 826 1676 et
846 1612 1054 1696 perjuriorum
1075 1627 1176 1679 mater
1190 1626 1239 1679 est
1253 1618 1334 1697 alea,
1348 1628 1380 1682 et

430 1736 473 1777 ex
503 1715 609 1778 aliena
638 1714 902 1797 concupiscentia
931 1736 988 1777 sua
1017 1715 1168 1798 prodigit,
1198 1730 1232 1781 et
1258 1720 1380 1781 nullam

429 1817 553 1880 habens
567 1815 750 1898 patrimonii
772 1816 990 1892 reverentiam,
1006 1833 1104 1899 quum
1119 1818 1200 1882 illud
1222 1819 1380 1895 effuderit,

431 1917 549 1979 sensim
564 1917 599 1977 in
614 1916 695 1979 furta
715 1914 865 1979 dilabitur
880 1928 912 1979 et
926 1916 1063 1999 rapinas.
1102 1919 1195 1983 Illam
1210 1942 1284 1984 vero
1299 1942 1379 1983 non·

430 2018 511 2079 nulli
537 2017 717 2101 praeferunt,
743 2018 778 2079 in
804 2037 868 2101 qua
895 2019 1029 2101 Ulysses
1055 2021 1169 2084 lusisse
1193 2023 1318 2102 legitur,
1339 2043 1380 2083 eo

431 2117 520 2202 quod
534 2117 655 2199 ingenii
676 2120 879 2202 aliquatenus
893 2122 992 2183 multa
1013 2121 1222 2186 meditatione
1237 2123 1378 2186 excitare

430 2219 576 2284 videatur
595 2239 739 2284 acumen.
785 2221 907 2285 sodex
922 2244 961 2285 eo
982 2222 1061 2285 mihi
1076 2223 1202 2286 videtur
1215 2222 1378 2306 perditior,

431 2343 532 2406 quum
542 2321 622 2383 nihil
635 2321 793 2385 infelicius
806 2321 856 2399 sit,
866 2344 961 2406 quam
977 2324 1011 2385 in
1026 2343 1076 2400 eo,
1087 2324 1119 2385 in
1133 2343 1196 2405 quo
1211 2324 1379 2386 minimum

430 2423 591 2506 proficias,
628 2423 800 2505 plurimum
829 2426 981 2487 laborare.
1036 2425 1098 2487 Est
1134 2423 1220 2487 enim
1256 2424 1379 2487 inutilis

431 2527 654 2610 importunitas
670 2526 882 2610 deprecantis,
898 2547 962 2609 qua
975 2523 1100 2589 inutilia
1114 2527 1332 2609 acquiruntur,
1348 2539 1380 2591 et

325 2634 329 2638 ’
431 2626 596 2711 querendi
617 2627 724 2689 inanis
746 2637 794 2688 est
817 2626 993 2706 diligentia,
1016 2645 1115 2707 quum
1135 2625 1294 2688 invenisse
1314 2648 1378 2688 non
1467 2637 1469 2643 '

432 2729 581 2812 proderit.
626 2728 740 2789 Posset
759 2727 868 2807 itaquo
889 2735 995 2787 motus
1015 2725 1124 2802 animi,
1139 2736 1171 2787 et
1185 2725 1300 2788 mentis
1314 2728 1379 2807 agi-

432 2834 524 2909 tatio,
539 2852 611 2915 quae
625 2830 669 2892 ibi
685 2828 799 2891 frustra
814 2826 1010 2903 distrahitur,
1024 2827 1119 2890 rebus
1135 2827 1380 2910 pulchrioribus,

433 2946 465 2999 et
485 2934 669 2998 melioribus
691 2928 937 2994 accommodari.
980 2930 1094 2993 Aleum
1117 2950 1190 2992 vero
1212 2950 1232 2991 a
1254 2930 1381 3011 regione

434 3057 557 3099 morum
579 3035 665 3098 illius
681 3030 851 3096 auctoritas
866 3050 995 3114 prorsus
1017 3031 1217 3106 exterminat,
1234 3031 1289 3113 qui
1311 3032 1381 3094 uni-

433 3160 558 3203 versum
569 3139 678 3200 orbem
691 3135 814 3199 docens
829 3134 863 3195 in
877 3133 954 3221 filio,
966 3155 1036 3197 earn
1050 3133 1223 3198 denunciat
1233 3133 1382 3196 omnibus

434 3237 629 3322 fugiendam.
674 3239 724 3299 Ab
748 3256 786 3297 ea
807 3234 968 3315 siquidem
989 3246 1149 3299 armantur
1170 3234 1211 3299 ad
1232 3236 1305 3299 lites
1326 3236 1382 3297 ho

435 3341 548 3416 mines,
577 3340 742 3400 incurrunt
771 3332 963 3409 iuimicitias,
988 3334 1023 3394 in
1046 3334 1203 3413 miseram,
1227 3337 1286 3398 etsi
1316 3357 1381 3410 uou

434 3438 658 3509 miserabilem,
673 3432 822 3504 incidunt
844 3440 1026 3512 egestatem.
1072 3433 1108 3495 Si
1130 3433 1383 3498 denuntiationis

438 3539 553 3623 quaeris
568 3546 739 3611 auctorem,
754 3533 845 3596 illum
860 3553 1009 3613 agnosce,
1024 3533 1080 3615 qui

542 3650 605 3702 Non
616 3649 675 3714 sibi,
687 3647 734 3701 sed
746 3648 795 3700 toti
806 3647 925 3715 genitum
936 3664 965 3699 se
976 3646 1084 3699 credidit
1095 3647 1159 3700 orbi.

435 3752 496 3815 Est
511 3759 615 3815 tamen
628 3771 725 3834 quum
741 3749 775 3812 in
790 3749 898 3832 aliqua
912 3750 1020 3833 specie
1035 3751 1081 3813 sui
1097 3750 1230 3815 licenter
1244 3752 1381 3819 admitti-

436 3861 496 3928 tur,
512 3854 538 3917 si
553 3855 673 3936 absque
689 3851 765 3914 vitio
782 3871 928 3914 curarum
943 3852 1086 3932 gravium
1100 3851 1229 3934 pondus
1244 3855 1383 3935 alleviet,

435 3965 467 4016 et
488 3954 557 4017 siue
572 3954 694 4018 virtutis
715 3951 883 4035 dispendio
902 3950 1081 4035 jucundam
1102 3953 1382 4039 interpolationem

434 4057 542 4120 afferat
557 4055 751 4138 gaudiorum.
797 4053 910 4117 Omnis
923 4075 998 4117 vero
1013 4055 1143 4119 licentia
1157 4056 1383 4119 moderationis

434 4159 585 4240 suffragio
608 4156 812 4233 convalescit,
835 4168 867 4218 et
890 4154 1001 4220 solidae
1024 4157 1148 4219 virtutis
1171 4177 1249 4218 usus
1270 4157 1311 4218 ab
1333 4158 1382 4218 in-

432 4260 640 4344 temperantia
655 4258 856 4322 deformatur.
893 4258 1008 4321 Totius
1023 4278 1097 4320 rero
1117 4258 1256 4320 licentiae
1271 4256 1380 4320 mode-
