3384 5234
395 671 467 717 cnr.
482 657 594 736 xnus]
764 674 1022 722 aonucmmcus.
1125 651 1128 659 ’
1287 667 1349 728 las

394 843 599 906 personarum
609 836 806 911 potentatus,
819 826 872 888 sed
886 849 993 889 rerum
1003 827 1143 891 omnium
1157 850 1232 914 quae
1246 828 1347 893 videri

394 923 444 986 vel
459 925 593 1009 eogitari
614 940 758 1012 possunt,
782 938 923 1011 potestas
943 940 1003 991 est.
1048 930 1135 993 Hinc
1157 928 1238 992 illud
1260 930 1347 993 Salo·

392 1024 513 1087 monis:
540 1027 653 1091 Omnis
666 1039 809 1114 potestas
824 1050 843 1090 a
859 1027 998 1091 Domino
1014 1031 1085 1092 Deo
1101 1043 1159 1094 est.
1183 1029 1347 1095 Adversus

393 1124 472 1189 hane
485 1126 574 1190 nulla
586 1148 636 1190 me
646 1151 787 1212 unquam
801 1130 1138 1215 contumaciaerigam,
1151 1142 1257 1194 certus
1268 1131 1346 1216 quia

391 1228 459 1310 ipsa
475 1227 539 1290 sola
555 1240 615 1303 est,
632 1251 704 1314 quae
720 1240 824 1314 potest
840 1228 976 1292 animam
992 1242 1024 1293 et
1039 1252 1155 1316 corpus
1170 1230 1296 1296 mittere
1310 1231 1344 1294 in

389 1328 577 1411 gehennam.

569 1568 572 1571 Α
608 1492 688 1577 Cap.
703 1498 755 1556 23.
780 1492 916 1572 abjectio
930 1494 1006 1555 novi
1021 1494 1132 1558 Stoici.

434 1624 570 1687 Rnsrtr
581 1622 638 1687 tibi
648 1624 731 1688 illius
742 1623 839 1687 Stoici
854 1626 902 1688 tui
912 1624 1060 1710 quaestio,
1072 1644 1167 1709 quem
1177 1623 1209 1686 in
1220 1623 1343 1707 Apulia

386 1721 510 1787 diutius
525 1737 698 1789 morantem
714 1724 792 1800 vidi,
809 1735 845 1788 ut
862 1736 932 1809 post
949 1724 1066 1788 multas
1088 1723 1223 1809 vigilias,
1245 1726 1342 1809 longa

382 1824 518 1908 jejunia,
533 1826 657 1889 labores
671 1824 825 1911 plurimos
840 1839 872 1889 et
888 1826 1031 1898 sudores,
1051 1838 1142 1891 tanto
1156 1825 1292 1890 infelicis
1306 1838 1340 1892 et

386 1924 510 1989 inutilis
523 1924 611 1989 exilii
626 1938 763 2010 quaestu,
780 1926 814 1990 in
838 1926 960 1990 Gallias
981 1926 1107 2010 Virgilii
1129 1950 1199 1991 ossa
1221 1926 1340 2012 potius,

386 2049 483 2111 quam
498 2049 622 2091 sensum
638 2040 827 2113 reportaret.
873 2029 1045 2104 Quaerebat
1056 2028 1138 2091 enim
1151 2028 1339 2092 Ludovicus

383 2128 448 2205 ille,
463 2151 503 2192 an
519 2152 628 2215 posses
641 2130 763 2215 aliquid
780 2130 884 2193 facere
899 2153 1020 2205 eorum,
1041 2153 1116 2216 quae
1130 2128 1258 2193 minime
1274 2128 1338 2194 fae·

381 2241 475 2294 turus
495 2255 538 2296 es.
585 2231 679 2309 Quod
703 2254 803 2317 quum
825 2230 1016 2312 admisisses,
1038 2231 1124 2295 mille
1144 2231 1203 2295 tibi
1225 2252 1338 2295 aureos

381 2332 543 2407 offerebat,
555 2333 632 2398 dum
648 2333 729 2398 illud
742 2333 892 2399 efficeres.
925 2337 1014 2407 Quos
1029 2333 1056 2398 si
1067 2333 1151 2397 forte
1160 2355 1336 2419 respueres,

381 2455 434 2496 eos
454 2434 513 2498 tibi
536 2435 735 2519 quantalibet
759 2458 882 2499 summa
904 2433 1110 2516 multiplicari
1128 2434 1275 2518 jubebat,
1298 2446 1336 2498 ut

380 2534 468 2619 quod
483 2535 596 2600 leviter
611 2535 679 2599 fieri
696 2548 799 2621 potest
823 2535 947 2599 efficias.
992 2533 1133 2598 Tandem
1156 2532 1336 2619 impudenti

378 2648 411 2699 et
441 2636 604 2722 impudico
627 2637 809 2702 solvebatur
831 2637 996 2714 cachinno,
1018 2637 1081 2698 vim
1104 2633 1335 2719 conjunctionis

380 2738 597 2822 oppositorum
622 2760 684 2801 non
714 2738 895 2822 intelligens
922 2750 979 2800 aut
1005 2748 1222 2825 contemnens,
1245 2747 1278 2798 et
1303 2747 1335 2799 te

379 2836 549 2900 ridiculum
566 2837 786 2908 assistentibus
808 2838 912 2921 digito
935 2835 1133 2913 ostendebat,
1156 2833 1213 2919 qui
1233 2832 1334 2918 gratis

378 2950 500 3001 tantam
531 2939 698 3023 pecuniam
723 2938 975 3022 contempsisses.
1022 2935 1178 3019 Congeris
1199 2934 1232 2998 in
1247 2934 1333 2998 hunc

377 3039 506 3102 modum
520 3039 769 3125 quamplurima.
793 3045 866 3106 Non
880 3049 984 3102 tamen
996 3038 1045 3100 his
1056 3035 1193 3101 stimulis
1205 3057 1332 3120 urgeor,

376 3149 413 3203 ut
434 3140 540 3202 omnia
555 3141 729 3204 necessaria
750 3138 876 3203 credam
900 3137 978 3223 quia
1000 3137 1156 3211 sciuntur,
1179 3148 1236 3200 aut
1252 3134 1331 3198 nihil

375 3239 628 3323 contingentium
645 3240 728 3321 sciri,
743 3240 821 3326 quia
832 3240 1007 3303 necessaria
1020 3258 1084 3299 non
1099 3247 1185 3300 sunt.
1232 3233 1330 3298 Plane

374 3340 494 3405 sciolus
521 3341 690 3427 paululum
720 3342 800 3405 mihi
829 3363 902 3406 cum
931 3336 1147 3425 peripateticis
1176 3358 1244 3420 prae
1272 3333 1329 3399 illo

374 3440 497 3517 videor,
526 3445 584 3526 qui
614 3441 712 3528 hujus
742 3439 941 3505 difficultatis
969 3436 1119 3523 angustia
1151 3434 1183 3498 in
1213 3434 1328 3501 Atticis

374 3542 522 3607 noctibus
536 3543 697 3607 confessus
712 3555 772 3619 est,
788 3565 820 3605 se
835 3540 954 3606 nescire
969 3564 1001 3605 se
1016 3561 1078 3603 non
1094 3561 1160 3604 esse
1176 3537 1327 3603 cicadam.

372 3712 451 3798 Cap.
469 3720 519 3777 m.
548 3712 644 3781 Quod
658 3713 878 3777 rnatdemutioi
896 3714 1062 3775 temerarii
1083 3717 1174 3789 sunt,
1195 3707 1271 3773 indi
1295 3729 1326 3771 e-

411 3816 651 3899 remorsurum
659 3816 786 3895 judicio
801 3836 861 3877 auo
875 3814 1027 3893 subjicere
1037 3817 1276 3893 praesumentes.

413 3948 489 4011 luni
505 3970 647 4034 quoque,
661 3946 735 4011 licet
746 3947 971 4012 dissentiamus
982 3945 1014 4008 in
1030 3942 1188 4027 plurimis,
1200 3965 1323 4008 meeum

367 4048 520 4125 fatentur,
551 4070 584 4111 se
606 4049 713 4113 omnia
735 4072 797 4112 non
827 4048 958 4124 nescire,
985 4068 1060 4109 oum
1090 4044 1209 4129 quibus
1240 4055 1325 4107 astra

365 4147 558 4232 loquuntur,
580 4162 612 4214 et
636 4152 692 4236 qui
715 4150 807 4235 quasi
830 4150 870 4214 de
894 4152 963 4234 ipso
986 4146 1161 4210 coelestium
1184 4145 1255 4208 sinu
1271 4167 1333 4231 eu-v

366 4248 497 4314 trahunt
510 4249 687 4314 veritatem.
733 4250 795 4330 Qui
807 4273 883 4314 vero
895 4270 1004 4312 eorum
1017 4245 1237 4309 modestissimi
1249 4255 1323 4308 sunt
