3384 5234
425 704 484 763 182
683 710 820 757 romnus
835 706 1118 763 sannsnaamnsrs
1223 690 1307 770 [nm.
1323 689 1376 755 111.

420 868 463 932 Ei
474 865 633 952 siquidem
644 862 715 928 baec
726 862 833 946 potius
845 858 1055 924 adscribenda
1066 861 1268 935 suntomnia,
1277 882 1374 945 quam
1423 841 1428 849 ⁵

420 966 564 1042 fortunae,
575 986 645 1047 quae
656 975 710 1027 aut
720 965 761 1025 ab
772 963 855 1044 ipso,
866 970 932 1040 aut,
941 961 1029 1046 quod
1041 962 1141 1043 magis
1153 982 1232 1041 reor,
1242 962 1373 1025 omnino

419 1087 484 1129 non
500 1076 556 1130 est.
599 1065 652 1127 Ait
666 1084 806 1147 namque
821 1062 971 1140 Ethicus,

524 1185 530 1197 ’
564 1176 629 1230 Noli
639 1176 778 1238 fortunam,
790 1192 847 1245 qnoe
860 1193 911 1227 non
924 1180 973 1241 est,
985 1176 1071 1229 dicere
1082 1194 1184 1229 caecam.

418 1286 578 1348 Homerus
588 1304 716 1367 quoque
724 1282 757 1345 in
766 1279 821 1345 illo
832 1283 1046 1346 celeberrimae
1057 1282 1262 1365 perfectionis
1271 1304 1367 1365 opere

419 1386 611 1468 dedignatus
634 1393 683 1448 est
711 1403 806 1447 nosse
828 1384 1000 1458 fortunam,
1023 1383 1104 1447 adeo
1127 1384 1256 1467 quidem
1279 1395 1314 1446 ut
1336 1384 1370 1447 in

417 1488 506 1550 nulla
526 1497 616 1569 parte
639 1485 718 1549 tanti
741 1484 890 1548 carminis
912 1486 1101 1548 nominetur.
1146 1485 1265 1548 Maluit
1283 1486 1367 1548 enim

418 1590 477 1651 soli
492 1589 574 1666 Dec,
592 1608 687 1671 quem
698 1584 861 1669 Morpban
875 1586 1061 1664 nominavit,
1070 1586 1219 1650 universa
1228 1587 1369 1667 regenda

415 1691 623 1765 committere,
652 1707 746 1771 quam
769 1695 805 1749 ut
833 1685 955 1769 aliquid
984 1686 1177 1750 adscriberet
1199 1686 1367 1751 temeritati

414 1790 558 1868 fortunae,
573 1810 671 1872 quam
686 1788 796 1870 utique
812 1786 858 1849 sic
874 1795 1000 1850 constat
1014 1787 1142 1851 minime
1163 1810 1232 1851 esse
1249 1784 1365 1864 Deam,

415 1891 501 1954 sicut
515 1900 638 1953 certum
653 1897 712 1966 est,
733 1887 796 1955 dici
813 1898 845 1950 et
866 1887 958 1969 pingi
974 1906 1094 1951 caecam
1149 1889 1278 1952 Frustra
1292 1910 1367 1971 ergo
1456 1910 1460 1917 ·

414 1990 543 2052 caecitas
564 1988 634 2071 ejus
655 1990 806 2067 arguitur,
821 2009 893 2069 quae
916 1989 947 2050 in
971 1998 1084 2052 natura
1105 2010 1207 2051 rerum
1230 1990 1367 2053 inveniri

413 2109 479 2151 non
499 2096 612 2171 potest.
658 2086 756 2157 Unde
778 2097 811 2148 et
826 2107 921 2148 casus
942 2109 1008 2149 non
1023 2109 1094 2151 esse
1110 2089 1321 2162 convincitur,
1338 2092 1366 2153 si

414 2209 488 2252 eum
514 2186 584 2269 quis
605 2182 814 2266 improvisum
836 2195 983 2247 eventum
1006 2208 1076 2250 esse
1099 2187 1241 2265 definiat,
1263 2210 1364 2272 quum

411 2287 493 2350 nihil
515 2286 582 2362 fiat,
605 2286 699 2369 cujus
720 2296 822 2347 ortum
844 2286 989 2366 legitima
1011 2308 1121 2365 causa,
1143 2298 1175 2351 et
1196 2290 1276 2351 ratio
1298 2312 1363 2352 non

411 2387 584 2471 praecedat,
599 2397 632 2450 ct
645 2386 751 2449 fidelis
771 2387 979 2451 concionator
998 2389 1078 2451 nibil
1093 2390 1127 2452 in
1147 2403 1231 2452 terra
1246 2390 1363 2454 doceat

411 2488 480 2551 fieri
492 2488 560 2550 sine
570 2507 676 2549 causa.
707 2487 934 2563 Verumtamen
945 2488 1019 2571 quia
1030 2498 1143 2570 practer
1152 2488 1361 2553 intentionem

412 2587 589 2669 gerentium
605 2584 724 2669 aliqua,
739 2586 892 2649 nonnulla
907 2588 1098 2671 contingunt
1108 2599 1222 2671 prater
1236 2588 1360 2670 opinio-

410 2711 497 2768 nem,
511 2709 604 2752 casus
625 2688 838 2770 appellatione
859 2689 1063 2763 clauduntur,
1086 2690 1162 2752 licet
1182 2709 1274 2771 aeque
1296 2687 1362 2752 dis·

409 2789 559 2873 ponentis
573 2788 693 2851 ratione
708 2788 843 2871 praevisa
859 2790 934 2866 sint,
949 2790 1032 2853 sicut
1046 2812 1084 2853 ea
1099 2777 1170 2874 quae
1184 2790 1256 2871 lege
1270 2798 1362 2853 natu-

410 2912 464 2969 rae,
492 2886 694 2953 necessitatis
714 2889 853 2952 nexibus
875 2888 1022 2953 videntur
1043 2899 1174 2953 arctata.
1220 2884 1361 2953 Proinde

409 3002 442 3054 et
461 2990 531 3054 haec
553 2989 625 3072 ipsa
642 2988 872 3070 contingentia,
892 2990 1053 3071 prinraevae
1073 2992 1216 3054 omnium
1239 3012 1361 3055 caussae

410 3092 457 3155 sic
473 3100 599 3156 constat
614 3111 683 3153 esse
698 3111 836 3168 annexa,
851 3101 886 3154 ut
900 3091 942 3154 ad
958 3113 1029 3154 eam
1044 3093 1151 3156 omnia
1168 3093 1361 3170 referantur3

409 3202 441 3257 et
455 3214 512 3277 pro
527 3212 600 3256 mea
612 3191 776 3274 opinione,
788 3192 858 3254 haec
874 3189 946 3273 ipsa
955 3190 998 3254 ad
1013 3192 1206 3275 positionem
1215 3194 1359 3255 omnium

407 3317 480 3379 quar
503 3292 787 3372 sunt„1recessario
812 3304 1035 3376 consequatur.
1079 3290 1248 3357 Ridebunt
1276 3294 1357 3357 sorte

407 3396 628 3480 prudentiores
650 3392 867 3477 insipientiam
889 3416 1005 3472 meam,
1021 3394 1077 3479 qui
1092 3396 1200 3456 Deum
1221 3414 1300 3472 esse,
1315 3393 1357 3456 ad

406 3497 606 3559 existentiam
622 3495 775 3573 omnium,
789 3496 880 3579 sequi
896 3497 1079 3559 consentio:
1102 3496 1161 3559 sed
1182 3498 1223 3558 ab
1239 3497 1356 3558 effectu

406 3616 534 3658 causam
549 3596 666 3673 inferri,
683 3596 732 3657 vel
747 3597 954 3677 probabiliter
968 3618 1018 3661 me
1034 3596 1240 3678 Peripatetici
1255 3594 1355 3658 docu-

404 3703 505 3759 erunt.
548 3696 648 3757 Porro
664 3694 810 3758 doctores
825 3696 902 3759 fidei
917 3719 986 3760 eam
1003 3720 1046 3761 ex
1062 3693 1210 3761 omnibus
1224 3715 1354 3759 causam

405 3794 587 3859 necessario
609 3793 757 3871 inferunt,
775 3817 817 3858 ex
836 3798 1032 3878 quaomnia,
1053 3817 1219 3883 perquam
1235 3795 1355 3874 omnia,

403 3907 436 3960 et
450 3895 484 3958 in
500 3916 564 3979 qua
579 3903 653 3957 sunt
668 3895 786 3970 omnia,
801 3907 834 3964 et
844 3897 913 3968 sine
929 3920 993 3980 qua
1007 3899 1194 3976 factumest,
1210 3906 1263 3960 aut
1278 3898 1353 3959 sub.

401 3998 523 4074 sistere,
551 3995 633 4058 nibil
662 4005 777 4077 potest.
833 3997 930 4068 Quod
960 4021 1035 4081 ergo
1065 4000 1187 4084 aliquid
1217 3999 1351 4062 fortunae

402 4098 545 4161 videmur
558 4096 749 4169 adscribere,
765 4097 794 4160 ci
816 4120 1020 4185 nequaquam
1040 4101 1240 4183 praejudicat·
1285 4098 1352 4163 Sed

398 4198 473 4283 quia
497 4198 590 4261 nobis
612 4196 654 4260 ad
683 4195 829 4263 homines
852 4220 955 4263 sermo
977 4210 1035 4278 est,
1057 4201 1222 4263 hominum
1245 4201 1350 4262 verbis

397 4299 523 4380 utimur,
546 4301 658 4386 pingui
685 4300 733 4379 (ut
747 4299 969 4384 praediximus)
991 4302 1140 4379 Minerva
1159 4311 1292 4384 agentes
1307 4300 1351 4365 de'
