3384 5234
347 685 522 765 carana}
699 700 954 747 ronrcnnrrous.
1236 687 1299 745 208

348 877 443 941 quam
465 857 549 920 inter
568 854 708 932 amicos3
732 864 764 917 et
777 854 861 916 inter
880 852 1012 929 amicos,
1027 872 1064 914 ac
1088 851 1115 913 si
1137 851 1172 913 in
1186 850 1303 913 mediis

347 958 492 1021 hostibus
507 958 671 1020 viveretur.
718 956 763 1017 Et
778 953 962 1036 satyricus:

450 1078 601 1133 vivendum
613 1082 653 1130 est
664 1082 735 1130 recte
747 1094 825 1145 quum
836 1080 940 1147 propter
951 1074 1071 1146 plurima,
1083 1081 1139 1129 tum
1151 1076 1184 1128 de
1194 1075 1237 1127 his

454 1164 588 1236 Praecipue
600 1165 693 1228 causis,
706 1168 735 1215 ut
746 1162 851 1229 linguas
862 1162 1047 1231 mancipiorum

452 1249 623 1326 contemnas,
635 1266 697 1301 nam
708 1247 798 1315 lingua
810 1245 873 1298 mali
886 1263 945 1317 pars
957 1248 1071 1317 pessima
1082 1247 1158 1299 servi.

346 1363 412 1427 Sed
422 1384 489 1426 uon
502 1362 599 1425 modo
615 1373 743 1446 propter
757 1363 883 1443 linguas
898 1381 1069 1436 servorum,
1081 1382 1191 1423 verum
1203 1382 1299 1445 prop·
1397 1399 1403 1406 -

350 1475 396 1528 ter
412 1464 547 1544 gladios,
562 1474 594 1527 et
610 1484 736 1526 venena
756 1472 935 1545 potentum,
951 1473 983 1525 et
1004 1462 1138 1525 insidias
1152 1463 1306 1537 omnium,

352 1575 513 1649 praeopto
529 1564 666 1647 Satyrici
683 1563 882 1648 parcendum
898 1574 954 1626 cst.

354 1850 503 1931 Cap.18.
530 1849 625 1915 Quod
646 1851 815 1912 vendicari
831 1857 978 1929 possunt,
999 1870 1069 1931 quo
1090 1856 1165 1910 aunt
1188 1848 1306 1911 odolo-

397 1949 538 2013 tionibus
553 1953 734 2035 acquisita
758 1958 790 2013 et
806 1949 845 2012 de
860 1949 1040 2027 lenonibus,
1054 1957 1085 2011 et
1100 1948 1261 2025 mollibus,
1274 1957 1306 2011 et

393 2071 500 2130 poence
512 2070 622 2113 eorum
628 2070 643 2121 ‚·
658 2058 689 2113 et
702 2051 787 2133 qnod
796 2052 965 2133 pudicitia
977 2051 1106 2131 ottseni
1120 2071 1185 2112 non
1195 2057 1304 2132 potent

318 2147 322 2154 ’
395 2154 562 2230 uiolenter,
575 2153 641 2214 niti
655 2172 746 2214 mena
759 2154 833 2234 ipso
847 2153 1038 2214 consentiat.

396 2285 506 2354 Arum
528 2284 675 2348 adulator
701 2283 731 2345 ei
757 2302 961 2366 nequaquam
981 2303 1090 2364 parere
1113 2291 1229 2365 potest,
1251 2282 1308 2365 qui

356 2386 437 2447 nihil
452 2384 540 2448 aliud
556 2386 679 2470 quaerit,
693 2384 755 2447 nisi
771 2393 807 2447 ut
820 2385 957 2466 placeat.
1003 2384 1038 2445 Si
1053 2394 1169 2465 potest,
1183 2404 1240 2468 per
1255 2404 1309 2459 se3

356 2487 405 2550 siu
422 2496 529 2550 autem
541 2507 711 2571 personam
727 2486 936 2569 suppositam,
946 2484 1060 2567 quaerit
1075 2505 1208 2546 uxorem
1220 2484 1311 2561 forte,

357 2588 492 2650 aliamve
508 2588 712 2671 conjunctam
729 2585 875 2668 valjam,
890 2585 941 2647 vel
957 2584 1137 2645 affectione.
1173 2584 1311 2646 Affectio

357 2698 465 2753 tamen
479 2690 642 2752 efficacior
661 2699 719 2766 est,
735 2709 772 2750 eo
795 2685 884 2770 quod
905 2685 946 2748 ad
966 2694 1110 2748 naturam
1125 2684 1312 2747 familiarius

358 2788 496 2866 aceedit,
520 2789 647 2873 ipsique
672 2790 780 2853 unitur
805 2788 932 2865 animae,
954 2786 1107 2870 quicquid
1133 2786 1311 2850 affectionis

357 2890 477 2954 foedere
493 2891 668 2973 copulatur.
700 2891 776 2952 Non
792 2898 840 2952 est
855 2890 965 2972 utique
977 2888 1189 2971 perniciosior
1202 2908 1311 2950 assen-

357 2991 447 3068 tatio,
470 3012 567 3075 quam
589 3001 721 3076 eaquae
745 2988 926 3053 affectionis
947 2990 1134 3052 inductione
1156 2988 1310 3072 procedit.

359 3090 441 3153 inde
461 3102 509 3154 est
529 3092 617 3175 quod
640 3113 727 3174 saepc
750 3091 855 3154 mariti
878 3092 996 3154 arctius
1018 3090 1262 3173 amplectuntur,
1277 3098 1311 3151 et

359 3213 393 3254 se
407 3190 561 3255 rivalibus
576 3194 643 3256 suis
658 3202 827 3277 exponunt
846 3193 984 3274 pleniuS,
999 3202 1031 3254 et
1045 3190 1163 3273 saepius
1177 3189 1314 3253 invitant
1351 3246 1353 3250 ,

359 3291 400 3354 ad
424 3313 550 3356 coenam
573 3293 767 3356 matrimonii
790 3303 1000 3375 corruptores,
1024 3291 1111 3371 dum,
1129 3302 1165 3355 ut
1186 3312 1313 3374 prover·

358 3393 486 3455 bialiter
501 3393 628 3471 dicitur,
643 3407 765 3458 amator
779 3396 927 3457 incautus
946 3393 1076 3476 pudioae
1092 3394 1193 3475 magis
1208 3394 1314 3471 uxori,

362 3513 458 3577 quam
472 3493 658 3558 infidelibus
678 3496 781 3559 oculis
797 3494 909 3558 eredit·
955 3495 1074 3557 Nonne
1095 3496 1170 3558 satis
1185 3494 1315 3558 delusus

361 3604 420 3670 cst,
443 3595 498 3677 qui
519 3596 624 3658 oculis
646 3597 711 3660 suis
733 3596 940 3660 assertionem
963 3596 1156 3674 immineam,
1178 3618 1249 3681 quac
1271 3618 1314 3660 ex

360 3718 399 3759 eo
414 3697 484 3759 solo
496 3696 617 3781 decipit
632 3700 783 3779 crebrius,
793 3697 881 3782 quod
895 3698 1096 3782 intercipitur
1106 3699 1216 3777 tarino,
1226 3708 1314 3762 ante·
1342 3768 1344 3773 ,

360 3798 473 3880 ponit?
497 3799 577 3862 Pica
592 3798 752 3884 siquidem
767 3800 944 3883 pulvinaris
959 3800 1184 3864 efficacissima
1197 3811 1256 3873 est,
1272 3808 1314 3876 et,

360 3907 396 3961 nt
412 3899 477 3963 dici
493 3901 587 3979 solet,
597 3901 712 3964 cornix
727 3912 886 3963 nocturna
900 3902 1013 3984 quovis
1024 3912 1147 3965 oratore
1159 3901 1315 3977 disertior,

362 4011 393 4063 et
408 4002 565 4086 cujusque
582 4002 686 4085 operis
701 4002 826 4079 faciem,
839 4023 1041 4085 quocumque
1054 4002 1183 4063 libuerit
1198 4002 1316 4078 colore,

363 4104 466 4165 vestit.
513 4105 585 4177 Quo
601 4125 676 4185 ergo
692 4104 826 4179 cautior,
841 4124 879 4164 eo
902 4103 1081 4185 suspectior
1094 4102 1244 4164 habenda
1258 4112 1315 4163 est.
1415 4096 1417 4099 ’

364 4202 399 4264 Si
429 4204 522 4267 dolus
553 4206 644 4268 dedit
673 4212 804 4268 causam'
833 4204 1023 4279 contractui,
1053 4200 1254 4274 rescinditur,
1283 4212 1317 4262 et

364 4317 553 4368 revocantur
565 4308 683 4385 omnia,
695 4328 765 4389 quac
782 4327 824 4368 ex
841 4325 890 4379 eo,
902 4304 953 4365 vel
970 4304 1011 4364 ob
1026 4303 1060 4364 id
1075 4302 1218 4384 profecta
1234 4313 1316 4363 sunt.
