3384 5234
446 688 485 744 84
689 697 826 741 Joauurs
843 698 1123 741 saansaanransrs
1264 682 1345 756 [ma.
1364 697 1399 740 n.

445 849 584 912 futurus.
629 847 803 912 Excidium
826 850 948 935 quippe
968 848 1152 913 Numantiae
1168 850 1291 933 juniori
1311 848 1399 912 inno·

446 947 508 1011 tuit
533 947 698 1025 Africam,
722 949 798 1011 dum
827 961 910 1013 esset
936 947 1042 1011 adhuc
1066 970 1146 1032 pene
1168 947 1266 1010 miles.
1313 953 1399 1012 Dum

445 1060 618 1113 autumnus
629 1047 761 1111 adultus
777 1061 824 1112 eat
839 1061 895 1113 aut
911 1062 1105 1133 praeruptus,
1116 1048 1236 1112 somnia
1251 1049 1400 1134 frequen-

444 1151 510 1215 tius
524 1162 727 1216 evanescunt.
772 1150 936 1214 Arborum
954 1172 1092 1236 namque
1107 1151 1288 1216 labentibus
1303 1151 1399 1229 foliis,

444 1250 673 1314 insomniorum
700 1252 823 1315 vanitas
841 1251 1044 1315 dominatur:
1075 1251 1161 1338 quod
1181 1265 1212 1316 et
1233 1252 1397 1338 Virgilius,

358 1395 359 1399 =
446 1352 477 1414 in
500 1351 583 1415 libro
606 1352 637 1415 in
666 1376 731 1439 quo
756 1353 856 1417 totius
878 1351 1094 1437 Philosophiae
1116 1352 1250 1417 rimatur
1273 1375 1399 1429 arcana,

446 1453 576 1518 sensisse
599 1454 686 1518 visus
709 1469 768 1533 est,
791 1455 868 1519 dum
892 1454 1031 1518 labentia
1056 1453 1134 1518 folia
1158 1452 1244 1538 apud
1267 1453 1397 1528 inferos,

447 1556 540 1621 variis
556 1556 683 1620 somniis
703 1561 839 1621 ornavit.
886 1557 1046 1619 Locorum
1069 1578 1199 1642 quoque
1219 1555 1397 1631 diversitas,

446 1662 548 1723 varias
564 1659 683 1744 figuras
704 1658 822 1743 quietis
839 1657 992 1736 admittit,
1009 1669 1045 1721 ut
1064 1657 1126 1721 alia
1146 1657 1227 1734 aliis,
1243 1680 1327 1721 nuuc
1343 1657 1398 1720 ho-

446 1783 517 1825 rum
533 1782 617 1825 nunc
640 1760 765 1823 illorum
788 1762 994 1835 somniorum,
1011 1759 1158 1823 uberiora
1173 1763 1245 1824 sint.
1291 1761 1399 1823 Locus

447 1885 583 1949 namque
606 1862 757 1949 palustris
779 1873 835 1925 aut
859 1860 1014 1933 desertus,
1032 1862 1230 1925 eminentiori
1250 1876 1305 1927 aut
1320 1863 1399 1926 cele·

429 1964 542 2028 briori
582 1964 852 2050 phantasticarum
895 1962 1069 2047 imaginum
1111 1963 1295 2028 foecundior
1338 1977 1395 2029 est.

445 2069 511 2129 Res
525 2088 654 2151 qnoque
665 2066 825 2129 interdum
837 2064 1047 2142 manifestius,
1059 2063 1222 2129 interdum
1236 2065 1399 2131 obscurius

444 2168 598 2252 aperitur,
620 2180 652 2232 et
674 2189 760 2230 nunc
782 2189 815 2229 se
836 2168 940 2251 ipsam
962 2165 1067 2227 animo
1090 2164 1218 2249 ingerit,
1242 2187 1326 2229 nunc
1350 2167 1398 2228 in-

445 2270 577 2334 timante
599 2270 662 2333 alio
684 2269 880 2333 declaratur:
913 2270 1021 2341 Quum
1040 2289 1114 2329 vero
1129 2266 1198 2330 luce
1213 2267 1396 2332 immediata

445 2372 580 2457 seipsam
605 2372 758 2450 infundit,
774 2370 853 2435 visio
868 2382 926 2450 est,
941 2392 981 2432 ex
1003 2392 1041 2431 eo
1063 2368 1149 2454 quod
1165 2368 1259 2455 plena
1273 2383 1305 2435 et
1321 2392 1397 2433 vera

446 2474 548 2559 specie
573 2474 634 2551 sui,
649 2474 751 2539 oculis
766 2472 913 2536 videatur
936 2494 1003 2535 esse
1025 2471 1187 2557 subjecta3
1220 2476 1313 2557 quale
1332 2486 1390 2549 est,

447 2576 536 2661 quod
559 2576 773 2642 Cassandrum
796 2574 924 2638 omnino
945 2596 1009 2637 non
1033 2576 1150 2650 visum,
1172 2596 1192 2636 a
1215 2597 1279 2659 quo
1302 2574 1396 2639 Alex-

445 2678 544 2742 ander
568 2678 683 2744 hausto
705 2700 825 2742 veneno
846 2676 1048 2762 perimendus
1068 2688 1145 2751 erat,
1162 2676 1302 2760 agnovit,
1318 2678 1395 2761 quia

444 2804 514 2847 eum
536 2782 627 2868 quies
647 2782 675 2844 ei
699 2793 993 2866 repraesentaverat.
1039 2780 1139 2841 Porro
1160 2779 1315 2843 visionum
1335 2779 1396 2844 alia

445 2884 640 2948 manifestior
662 2897 719 2958 est,
742 2896 778 2948 ut
801 2906 875 2969 quae
898 2882 981 2946 clara
1004 2882 1049 2946 rei
1075 2882 1211 2946 occurrit
1237 2881 1393 2965 imagine3

444 2985 505 3049 alia
521 2986 757 3070 profundiorem
773 2984 932 3048 desiderat
943 2983 1151 3061 intellectum,
1165 2996 1201 3047 ut
1216 3007 1316 3070 quum
1329 3007 1395 3047 rem

445 3087 589 3152 admixta
604 3089 722 3174 species
737 3090 914 3172 figurarum
930 3085 1113 3158 obnubilat3
1137 3085 1218 3149 sicut
1233 3096 1292 3162 est,
1309 3085 1395 3171 quod

445 3189 482 3251 C.
499 3189 625 3253 Caesare
641 3188 773 3253 transito
789 3187 956 3251 Rubicone
970 3187 1090 3251 bellum
1106 3184 1217 3270 patriae
1231 3184 1395 3264 inferente,

445 3288 485 3352 ad
502 3289 733 3372 designandum
751 3303 903 3352 terrorem
923 3288 1053 3367 civium,
1068 3286 1124 3372 qui
1147 3301 1237 3352 erant
1252 3310 1309 3373 per
1323 3310 1394 3351 con-

444 3390 522 3454 civis
536 3390 686 3473 injuriam
701 3387 913 3472 opprimendi,

584 3495 682 3562 lugens
693 3494 749 3544 visa
762 3492 829 3555 duci,
841 3493 933 3562 patriae
945 3492 1099 3561 trepidantis
1111 3492 1209 3559 imago,

396 3602 399 3606 '
443 3589 519 3653 duci
535 3612 594 3653 suo
613 3586 817 3658 denuncians,
835 3607 874 3647 ne
895 3584 1037 3648 concives
1057 3585 1154 3647 armis
1174 3588 1322 3654 civilibus
1337 3592 1395 3654 im·

444 3702 611 3775 pugnaret.
671 3685 795 3751 Publici
820 3708 958 3771 namque
984 3688 1089 3769 imago
1114 3685 1250 3770 imperii,
1275 3690 1395 3771 publici

444 3808 560 3869 metus,
583 3804 614 3855 et
639 3793 782 3857 Caesareo
804 3787 938 3854 nomine,
954 3799 1124 3871 prostratae
1148 3786 1236 3849 urbis
1258 3802 1326 3853 erat
1348 3790 1395 3855 in-

444 3894 536 3959 dicio.
582 3892 675 3970 Quod
699 3890 723 3954 si
745 3887 869 3974 imperii
893 3887 1012 3951 nullam
1036 3888 1068 3950 in
1094 3888 1237 3965 veritate,
1253 3911 1327 3974 quae
1350 3892 1393 3956 sic

443 4007 622 4081 appareret,
637 3990 773 4057 credidit
787 3989 861 4076 quis
876 3989 973 4053 fuisse
993 3988 1174 4074 imaginem,
1189 3988 1392 4057 historiarum

445 4098 507 4162 lide
536 4095 768 4161 certiorabitur.
824 4094 932 4170 Quum
962 4093 1044 4155 enim
1075 4091 1271 4177 majestatem
1303 4097 1393 4160 urbis

443 4201 600 4288 principes
638 4196 753 4262 visibili
790 4195 894 4280 specie
932 4206 1122 4258 censuerunt
1164 4193 1392 4274 honorandam,

443 4302 602 4390 exquisito
628 4300 762 4367 artificio
793 4297 980 4362 muliebrem
1010 4298 1156 4376 formam,
1182 4321 1256 4382 quae
1282 4299 1390 4368 orbem
