3384 5234
384 667 454 713 car.
470 650 546 729 vm]
746 665 1001 712 ronronnrrous.
1292 650 1331 708 41

385 841 418 880 se
434 818 509 882 satis
524 817 695 896 insaniunt,
710 817 771 881 nisi
789 814 983 880 carminibus
996 812 1194 879 excitentur?
1218 816 1333 878 Nonne

382 917 469 981 istud
495 918 600 1002 arguit
629 916 800 995 Dominus,
822 917 947 980 dicens:
979 917 1036 979 Vae
1059 913 1114 1000 qui
1139 915 1332 999 consurgitis

380 1038 472 1080 mane
492 1017 533 1081 ad
553 1016 737 1081 ebrietatem
762 1015 955 1092 sectandam,
977 1026 1009 1079 et
1030 1013 1207 1099 potandum
1229 1038 1332 1100 usque

383 1116 424 1180 ad
447 1139 619 1203 vesperam,
637 1130 674 1183 ut
694 1121 766 1182 vino
783 1118 933 1181 aestuetis.
972 1115 1125 1201 Cytbara,
1147 1128 1179 1180 et
1202 1115 1282 1201 lyra,
1298 1127 1332 1184 et

383 1230 582 1306 tympanum,
598 1233 630 1284 ct
646 1219 736 1295 tibia,
753 1231 784 1283 et
800 1216 909 1280 vinum
925 1218 957 1281 in
973 1215 1125 1280 conviviis
1139 1218 1270 1291 vestris3
1297 1230 1329 1283 ct

381 1342 462 1405 opus
473 1321 603 1385 Domini
615 1342 677 1385 non
690 1319 858 1404 respicitis,
871 1331 903 1383 et
915 1341 1011 1403 opera
1023 1340 1174 1382 manuum
1186 1319 1255 1404 ejus
1266 1341 1329 1383 non

381 1422 597 1488 consideratis.
636 1421 722 1497 Quid
746 1421 832 1506 quod
856 1443 915 1484 rex
937 1420 1113 1505 Babylonis
1132 1443 1195 1483 non
1216 1420 1275 1483 nisi
1295 1421 1329 1484 in

381 1524 528 1586 convivio
558 1524 636 1587 vidit
667 1544 793 1587 manum
825 1521 991 1587 scribentis
1019 1522 1052 1585 in
1078 1524 1198 1607 pariete
1223 1542 1329 1600 uana,

380 1645 528 1703 THEKEL,
550 1645 688 1701 PHARES,
705 1648 770 1710 quo
789 1647 924 1709 regnum
944 1624 1190 1700 dinumeratum,
1208 1645 1328 1710 appen-

383 1748 454 1797 sum
467 1725 678 1791 denunciatur
688 1739 720 1791 et
732 1725 860 1791 scissum
872 1726 883 1789 ,Ρ
907 1724 1027 1787 Divino
1036 1724 1192 1810 siquidem
1204 1724 1328 1809 judicio

378 1826 561 1910 principatu
591 1827 757 1912 judicatur
792 1825 958 1909 indignus,
987 1825 1044 1910 qui
1080 1848 1156 1889 vasa
1185 1825 1326 1904 Domini,

379 1926 518 1991 humana
538 1927 683 1992 videlicet
703 1949 846 2013 corpora,
860 1927 893 1988 in
909 1948 999 1988 vanae
1020 1924 1194 2010 voluptatis
1208 1926 1327 2010 gaudia

377 2030 517 2113 exponit,
534 2042 566 2094 et
582 2029 688 2115 sponsi
705 2029 881 2094 thalamum
897 2026 1027 2112 maligni
1043 2027 1174 2112 spiritus
1189 2026 1327 2090 immunq

377 2129 466 2193 diciis
481 2130 592 2215 aperit.

478 2260 592 2314 Centum
601 2262 743 2314 luminibus
755 2262 868 2315 cinctum
879 2267 956 2331 caput
968 2260 1056 2328 Argus
1067 2262 1194 2314 habebat:

376 2402 448 2464 quae
467 2381 573 2443 omnia
595 2383 691 2444 unius
712 2378 827 2448 fistulae
851 2380 1027 2466 voluptate,
1044 2402 1107 2443 non
1131 2393 1196 2444 tam
1219 2381 1323 2465 sopita

375 2493 459 2554 sunt,
476 2503 572 2566 quam
588 2481 739 2545 extincta.
779 2479 832 2552 Tu
848 2480 978 2565 quises,
994 2480 1051 2573 qui
1070 2492 1101 2545 te
1116 2482 1326 2567 circumspec-¹

373 2585 486 2669 ctorem·
500 2603 566 2645 esse
581 2581 736 2646 confidis?

422 2876 503 2958 Cap.
520 2875 550 2939 7,
573 2876 624 2939 De
638 2878 903 2941 dissimilitudine
917 2876 1062 2957 Augusti
1076 2883 1107 2939 ct
1121 2878 1270 2940 Neronis.

416 3029 576 3089 Aucusro
597 3029 833 3111 tympanizante
856 3028 888 3090 in
910 3050 1008 3107 caena,
1023 3050 1042 3090 a
1057 3026 1195 3113 quodam
1219 3026 1319 3092 milite

371 3126 524 3210 probrose
545 3124 666 3189 dictum
691 3137 754 3191 est:
794 3128 946 3192 Vides-ne
976 3142 1011 3193 ut
1040 3126 1182 3191 cinaedus
1210 3127 1318 3190 orbem

372 3226 476 3310 digito
501 3230 676 3311 temperet?
708 3228 810 3313 Cujus
825 3228 888 3291 ille
911 3228 999 3291 verbi
1023 3248 1188 3313 percussus
1206 3227 1319 3290 amari-

372 3327 493 3402 tudine,
509 3350 554 3405 os,
571 3350 694 3405 manus,
709 3342 740 3393 et
756 3329 898 3393 animum
913 3328 944 3392 in
961 3352 1062 3393 aevum
1080 3329 1120 3392 ab
1136 3328 1319 3415 hujusmodi

369 3427 498 3492 levitate
513 3427 698 3514 suspendit;
726 3430 905 3515 habuitque
920 3453 1041 3516 semper
1055 3430 1190 3515 gratiam
1206 3451 1319 3514 expro-

369 3527 485 3593 branti.
525 3529 588 3592 Sed
604 3530 698 3615 longe
715 3554 804 3595 secus
820 3534 996 3611 Nero,'non
1011 3530 1248 3613 imperatorum,
1263 3532 1319 3595 sed

368 3626 532 3691 hominum
550 3628 752 3709 foedissimus,
764 3630 820 3715 qui
836 3629 916 3694 adeo
931 3630 1082 3694 scribitur
1093 3642 1208 3717 captus
1222 3653 1318 3695 amoe-

368 3722 473 3789 nitate¹
483 3727 580 3803 vocis,
595 3741 633 3792 ut
653 3749 717 3792 non
739 3728 832 3792 modo
847 3729 951 3813 pomis
970 3730 1111 3814 cibisque
1128 3730 1316 3795 nocentibus

367 3822 551 3905 abstineret,
562 3825 617 3889 sed
629 3826 698 3911 ejus
709 3826 813 3909 gratia
823 3827 1056 3905 conservandae,
1066 3828 1225 3916 frequenti
1236 3829 1317 3913 clys-

368 3925 448 3989 terio
463 3927 649 4013 vomituque
668 3940 872 4013 purgaretur,
889 3928 1136 4014 plumbeamque
1154 3930 1316 3995 cartellam

367 4027 481 4112 supino
496 4042 616 4105 ventre,
628 4029 778 4093 mandato
789 4030 1005 4113 physicorum,
1016 4032 1133 4117 saepius
1146 4044 1178 4095 et
1194 4031 1316 4095 diutius

366 4128 544 4193 sustineret.
590 4130 678 4193 Adeo
701 4152 775 4193 vero
790 4129 1009 4196 delectabatur
1028 4134 1060 4195 in
1076 4143 1184 4208 cantu,
1200 4144 1236 4196 ut
1258 4154 1314 4193 nec

366 4226 502 4305 theatro,
518 4241 612 4295 terrae
635 4242 723 4293 motu
748 4252 908 4317 concusso,
925 4252 1026 4314 quum
1049 4228 1141 4292 semel
1163 4241 1312 4314 coeperat,
