3384 5234
367 675 437 719 car.
453 660 570 739 xxv11.]
708 679 960 727 ronrcaarrcus.
1257 674 1316 733 143

367 824 523 908 abjecerat
548 826 747 909 innocentiae‚
771 831 828 916 qui
854 831 990 916 justitia·
1020 845 1199 899 mutaverat
1224 835 1318 899 indu·

368 940 522 1002 mentum,
539 930 681 993 vestibus
700 929 829 994 honoris
843 946 875 996 et
890 933 1001 1017 glorioe
1016 957 1078 998 nou
1094 934 1205 1001 debuit
1221 938 1320 1021 insig-

366 1028 437 1093 niri.
487 1032 532 1094 Et
547 1030 626 1094 abiit
653 1032 764 1117 utique
793 1047 863 1118 post
887 1056 971 1110 eum,
997 1036 1055 1121 qui
1082 1060 1145 1100 non
1169 1039 1259 1103 stetit
1285 1041 1318 1102 in

367 1130 510 1209 veritate,
524 1143 556 1195 et
579 1131 644 1196 duo
660 1134 720 1197 viri
742 1156 814 1197 cum
838 1157 888 1210 eo,
904 1135 1053 1220 equidem
1076 1138 1264 1203 innominati
1286 1153 1318 1203 et

367 1228 616 1308 innominabiles,
643 1232 701 1317 qui
724 1232 773 1295 vel
800 1256 908 1319 regem
939 1238 981 1299 ad
1007 1249 1127 1301 tantam
1152 1239 1318 1322 perfidiam

367 1352 431 1394 non
446 1331 621 1395 reluctante
635 1332 698 1395 fide
713 1333 864 1416 prosequi
879 1344 1065 1418 potuerunt.
1106 1338 1319 1424 Duorumque

368 1451 425 1492 rex
440 1429 586 1493 decenter
601 1430 738 1517 stipatur
753 1431 917 1507 comitatu,
934 1432 1010 1497 dum
1026 1456 1046 1496 a
1060 1457 1184 1498 summa
1198 1449 1231 1500 et
1246 1460 1322 1500 vera

369 1529 493 1594 unitate
513 1529 679 1595 recederet.
726 1532 954 1617 Veneruntque
974 1534 1015 1597 ad
1038 1534 1201 1599 mulierem
1217 1550 1321 1617 nocte,

370 1642 447 1715 apto
476 1630 589 1715 utique
618 1643 770 1716 tempore,
798 1631 839 1695 de
868 1649 970 1697 morte
994 1642 1119 1718 regum,
1143 1635 1184 1700 de
1213 1650 1320 1722 strage

369 1730 494 1816 populi,
520 1731 559 1795 de
583 1730 670 1798 luctu
693 1732 822 1819 publico
846 1757 918 1798 cum
945 1737 1147 1800 tenebrarum
1178 1738 1321 1825 principe

289 1886 298 1902 ,
371 1834 548 1898 tractaturi.
594 1835 691 1899 sicet
713 1836 861 1901 Salomon
884 1850 974 1902 nocte
996 1837 1116 1901 dicitur
1134 1839 1321 1925 sapientiam

371 1936 538 2021 accepisse,
554 1936 610 2021 qui
625 1959 730 2000 amore
752 1937 921 2002 mulierum
943 1938 1076 2004 allectus
1091 1954 1122 2004 et
1137 1954 1320 2027 corruptus,

369 2058 389 2099 a
421 2037 558 2100 Domino
587 2051 655 2103 erat
691 2062 879 2104 recessurus.
936 2043 1050 2105 Petrus
1079 2064 1212 2127 quoque
1241 2042 1320 2106 dum

370 2136 471 2201 calore
497 2137 572 2201 fidei
595 2138 781 2213 destitutus,
804 2137 990 2205 calefaceret
1013 2164 1045 2204 se
1071 2142 1112 2205 ad
1136 2164 1256 2227 prunas
1281 2145 1321 2208 de

370 2248 472 2316 nocte,
489 2239 596 2326 lapsus
611 2252 659 2303 est
674 2240 706 2303 in
722 2240 899 2326 perfidiam,
913 2252 945 2305 et
961 2265 1029 2305 eam
1045 2243 1175 2307 crimine
1190 2244 1321 2333 perjurii

371 2340 445 2405 lecit
460 2341 624 2425 insignem.
669 2341 734 2406 Alii
753 2341 850 2405 etiam
865 2341 1013 2427 discipuli
1030 2342 1142 2406 timore
1157 2345 1320 2428 prostrati,

371 2455 512 2525 tempore
526 2453 683 2504 nocturno
693 2439 859 2524 fugerunt.
889 2442 934 2505 Et
950 2441 994 2505 ait
1008 2442 1084 2507 Saul
1100 2444 1139 2506 ad
1156 2445 1320 2509 mulierem

371 2541 527 2621 (mulieres
535 2541 617 2605 euim
629 2541 829 2627 frequentius
841 2542 972 2628 spiritus
985 2543 1185 2628 Pythouicus
1196 2546 1321 2631 implet)

370 2642 488 2706 Divina
502 2642 581 2705 mihi
596 2641 628 2704 in
644 2641 802 2726 Pythone,
819 2657 851 2705 et
872 2641 989 2706 suscita
1005 2641 1082 2704 mihi
1098 2664 1195 2727 quem
1210 2643 1322 2707 dixero

370 2741 437 2806 tibi.
484 2743 572 2827 Lege
594 2742 703 2819 libros,
726 2742 851 2807 revolve
873 2742 1032 2822 historias,
1052 2754 1193 2807 scrutare
1213 2766 1322 2809 omnes

371 2842 505 2925 angulos
525 2846 765 2928 scripturarum,
780 2866 938 2928 nusquam
960 2844 1027 2907 fere
1049 2845 1082 2908 in
1105 2844 1189 2907 bona
1203 2844 1322 2929 signifi·

371 2943 492 3007 catione
505 2943 728 3009 divinationem
741 2946 892 3009 invenies.
923 2946 1018 3010 Unde
1030 2944 1203 3031 prophetas
1217 2967 1324 3031 repro-

370 3044 428 3107 bos
443 3044 636 3109 divinatores
651 3069 712 3110 non
729 3047 904 3132 prophetas
919 3070 997 3122 esse,
1015 3046 1173 3132 scriptura
1187 3068 1322 3111 comme-

372 3160 485 3223 morat,
511 3147 621 3231 quales
648 3148 780 3212 fuerunt
811 3147 977 3233 prophetas
1008 3147 1134 3223 Achab,
1161 3146 1219 3232 qui
1248 3170 1322 3211 eum

372 3248 510 3311 Domino
525 3248 741 3333 permittente,
753 3248 957 3333 exigentibus
972 3246 1094 3311 meritis
1110 3247 1204 3312 variis
1217 3246 1325 3312 ludifi-

372 3348 551 3412 cationibus
570 3347 772 3413 seducebant.
818 3348 967 3434 Denique
989 3348 1083 3432 juxta
1105 3349 1237 3411 verbum
1258 3350 1325 3412 Do-

374 3447 450 3511 mini
473 3470 617 3532 egressus
638 3461 686 3513 est
708 3448 840 3534 spiritus
865 3448 1016 3524 mendax,
1039 3459 1071 3512 et
1094 3448 1199 3513 sactus
1220 3461 1268 3512 est
1290 3449 1323 3512 in

372 3570 426 3611 ore
437 3548 579 3612 omnium
591 3549 817 3635 prophetarum
835 3549 951 3611 Achab
961 3570 1128 3612 ascensuro
1138 3549 1171 3612 in
1183 3549 1323 3613 Ramoth

372 3648 508 3726 Galaad,
538 3648 578 3713 ad
614 3672 765 3736 prospera
801 3649 1065 3734 promittendum,
1095 3649 1162 3712 solo
1196 3651 1325 3715 Michea

372 3749 542 3815 Morastite
571 3749 771 3829 reclamante,
801 3748 859 3833 qui
888 3749 1032 3813 conscius
1061 3748 1161 3813 divini
1192 3750 1326 3829 consilii,

374 3850 472 3915 Israel
487 3874 583 3937 quem
606 3850 784 3935 dispersum
807 3850 839 3913 in
861 3850 1024 3914 montibus
1038 3850 1173 3929 viderat,
1187 3872 1326 3935 praemu-

372 3952 464 4027 nivit,
484 3972 585 4014 caesus
605 3949 648 4013 ob
671 3962 785 4014 amatoe
802 3948 946 4012 veritatis
962 3948 1123 4033 judicium
1144 3950 1185 4013 ab
1203 3974 1251 4026 eo,
1267 3950 1325 4035 qui

371 4051 520 4117 assumtis
542 4050 692 4113 cornibus
711 4049 821 4113 ferreis
843 4047 986 4113 dixerat:
1018 4050 1081 4113 His
1102 4071 1158 4112 rex
1174 4050 1325 4114 cornibus

375 4152 500 4235 Syriam
517 4148 693 4214 ventilabis.
739 4152 899 4213 Praeterea
921 4147 1077 4211 divinatio
1093 4146 1157 4211 sere
1176 4148 1242 4211 sine
1259 4169 1327 4211 mu-

375 4273 447 4313 nere
470 4272 531 4314 non
555 4249 662 4328 fiebat,
684 4262 798 4335 utpore
818 4270 891 4331 quae
907 4246 939 4310 in
958 4247 1101 4310 avaritiae
1121 4258 1152 4309 et
1174 4246 1326 4330 nequitiae
