3384 5234
314 700 385 744 cae.
401 682 501 760 xxm]
660 696 915 742 conveniamus.
1213 684 1272 740 lta

312 847 610 935 importunitatibus
622 859 752 912 eatenus
767 868 904 932 premor,
919 863 955 911 ut
971 846 1063 928 quod'
1074 846 1266 931 inopinabile

312 961 372 1025 est,
396 949 472 1014 licet
495 949 652 1013 inveniam
677 961 837 1012 consortes
863 949 988 1023 erroris,
1013 951 1143 1033 propria
1169 960 1265 1011 teme·

310 1051 405 1115 ritate
430 1050 514 1115 tueri
540 1050 741 1114 contendam.
788 1049 879 1112 Malo
904 1072 977 1114 cum
1005 1048 1214 1128 Academicis,
1238 1050 1264 1113 si

311 1164 415 1217 tamen
431 1153 491 1217 alia
508 1152 556 1215 via
572 1174 635 1215 non
652 1163 770 1237 pateat,
787 1151 826 1214 de
843 1152 976 1237 singulis
991 1151 1150 1228 dubitare,
1164 1174 1261 1236 quam

311 1254 483 1339 pernitiosa
512 1253 712 1318 simulatione
741 1254 891 1331 scientiae,
920 1252 1008 1339 quod
1038 1253 1183 1337 ignotum
1214 1252 1265 1314 vel

311 1355 532 1419 absconditum
556 1368 615 1431 est,
640 1365 757 1418 temere
779 1354 925 1433 diffinire,
946 1355 1120 1438 praesertim
1143 1354 1175 1416 in
1200 1377 1264 1439 quo

312 1456 477 1521 assertioni
493 1479 571 1519 meae
585 1456 651 1519 fere
666 1466 753 1518 totus
768 1454 991 1518 adversabitur
1005 1454 1156 1518 mundus.
1197 1458 1263 1519 Eo·

313 1580 377 1641 que
401 1556 555 1621 libentius
583 1554 789 1618 Academicos
813 1554 920 1630 audio,
943 1556 1029 1639 qnod
1055 1578 1165 1618 eorum
1191 1579 1264 1640 quac

314 1660 398 1734 novi,
413 1658 493 1722 nihil
517 1658 678 1734 auferunt,
694 1671 725 1721 et
750 1656 781 1719 in
807 1655 917 1720 multis
935 1656 1056 1721 iaciunt
1079 1656 1263 1733 cautiorem,

313 1781 502 1845 magnorum
517 1759 657 1822 virorum
674 1757 864 1822 auctoritate
880 1757 1016 1834 suffulti,
1033 1780 1132 1841 quum
1149 1758 1188 1821 ad
1210 1782 1264 1822 eos

313 1862 408 1926 etiam
431 1862 464 1925 in
492 1872 653 1925 senectute
679 1859 838 1925 transierit
864 1860 927 1936 ille,
951 1861 984 1924 in
1011 1851 1077 1945 quo
1105 1861 1264 1925 Latinitas

314 1974 423 2027 nostra
447 1962 513 2027 solo
538 1963 669 2038 invenit,
692 1962 846 2048 quicquid
872 1961 1019 2026 insolenti
1046 1964 1181 2028 Graeciae
1202 1964 1264 2027 ele·

313 2075 426 2148 gauter
446 2064 590 2149 opponit,
609 2075 665 2127 aut
688 2063 831 2148 praefert,
851 2064 1032 2127 Ciceronem
1055 2062 1179 2149 loquor,
1197 2065 1264 2127 Ro-

314 2163 397 2226 mani
420 2175 582 2227 auctorem
605 2162 735 2247 eloquii,
752 2184 844 2246 quem
868 2162 909 2225 ad
932 2184 996 2238 eos,
1012 2164 1103 2247 quasi
1124 2163 1156 2227 in
1179 2164 1264 2227 calce

312 2264 397 2340 vitae,
416 2264 591 2339 divertisse,
615 2264 696 2327 liber
718 2267 769 2327 De
790 2275 905 2327 natura
927 2264 1059 2328 deorum
1083 2266 1264 2352 inscriptus,

312 2364 413 2432 docet.
457 2365 603 2431 Efferant
629 2363 728 2429 Stoici
749 2364 959 2449 inopinabiles
986 2370 1158 2431 sententias
1179 2390 1263 2445 suas,

314 2488 394 2551 quas
427 2466 606 2552 paradoxas
637 2477 763 2546 vocant,
794 2487 881 2529 veras
914 2467 1056 2552 quidem,
1086 2469 1264 2554 praeclaras,

314 2578 345 2630 et
375 2567 594 2632 admirabiles:
636 2588 695 2632 nos
723 2564 837 2652 pingui
873 2568 920 2644 (ut
950 2567 1084 2649 dicitur)
1117 2569 1265 2631 Minerva

314 2682 455 2755 agentes
469 2670 549 2734 nihil
569 2693 677 2734 eorum
700 2669 925 2755 approbamus,
941 2693 1015 2754 quae
1036 2668 1194 2745 omnibus,
1210 2683 1265 2734 ant

314 2772 470 2857 pluribus,
496 2784 553 2836 aut
584 2772 781 2856 sapientibus
811 2770 943 2855 singulis
967 2774 1000 2834 in
1026 2769 1178 2834 facultate
1208 2793 1266 2834 sua

313 2873 581 2959 probabilioribus
606 2873 687 2937 falsa
712 2894 780 2938 esse
802 2873 964 2937 videntur.
1009 2874 1076 2937 Nec
1101 2873 1127 2937 si
1154 2874 1266 2938 Cicero

309 2976 389 3061 ipse,
415 2986 471 3039 aut
500 2975 700 3052 Aristoteles,
727 2973 925 3061 impossibile
950 2996 990 3038 ex
1021 2972 1164 3059 possibili
1190 2996 1263 3060 pro-

311 3076 440 3157 ducant,
455 3077 718 3162 acquiescendnm
737 3098 861 3153 censeo,
876 3096 928 3139 me
949 3077 1067 3160 potius,
1083 3074 1191 3161 aliqua
1205 3076 1264 3140 fal-

311 3178 400 3242 laciae
423 3178 509 3241 nube
534 3177 714 3264 deceptum,
739 3176 960 3241 verosimiliter
982 3176 1145 3263 opinabor.
1190 3181 1263 3242 Hac

312 3300 388 3362 ergo
410 3278 462 3341 via
484 3277 661 3341 tendiculas
686 3289 758 3345 tuas
787 3278 946 3364 egredior,
970 3288 1005 3341 ut
1031 3276 1134 3340 dicam
1160 3278 1265 3362 prori-

311 3378 450 3443 dentiam
466 3378 535 3442 falli
556 3401 618 3443 non
635 3402 737 3465 posse,
753 3403 820 3444 rem
843 3393 950 3444 tamen
966 3402 1041 3465 qua
1058 3381 1187 3466 provisa
1203 3395 1262 3456 est,

310 3503 405 3566 posse
419 3502 481 3544 non
497 3481 631 3546 evenire.
662 3482 725 3548 Sed
741 3481 820 3568 quid
835 3482 952 3547 inferre
965 3482 1175 3562 consueveris,
1190 3483 1265 3547 scio.

311 3584 402 3666 Ergo
427 3582 576 3669 possibile
600 3595 659 3662 est,
686 3608 755 3649 eam
782 3608 844 3657 non
871 3609 938 3650 esse
963 3584 1140 3671 praevisam.
1184 3590 1266 3653 Esto

310 3682 452 3770 inquam.
484 3686 558 3761 Quo
572 3685 658 3750 ultra
673 3687 910 3772 progredieris?
938 3689 1028 3771 Ergo
1041 3685 1150 3774 inquis
1168 3689 1267 3753 recla-

310 3799 416 3850 mante
433 3786 649 3872 Philosophia,
666 3800 698 3853 et
713 3788 802 3875 quod
817 3802 864 3852 est
880 3810 942 3852 non
958 3811 1036 3865 esse,
1052 3805 1084 3855 et
1099 3790 1187 3875 quod
1202 3790 1267 3855 fuit

310 3885 459 3972 possibile
486 3901 620 3952 estnon
645 3889 757 3965 fuisse,
781 3902 813 3955 et
839 3913 914 3976 quae
939 3891 1008 3976 jam
1034 3891 1268 3975 praeterierunt,

310 3989 449 4051 revocari
474 4002 671 4074 possuntne
697 3992 828 4057 fuerint.
874 3995 920 4056 Et
949 3991 1079 4074 quidem
1107 3992 1263 4056 infinitam
1318 4007 1323 4015 '

310 4091 487 4174 potentiam
503 4089 576 4167 Dei,
594 4090 765 4156 scientiolae
785 4107 816 4158 et
838 4093 1027 4158 ratiunculoe
1043 4114 1121 4157 meae
1143 4094 1268 4178 legibus

310 4213 372 4254 non
388 4204 528 4266 coarcto;
560 4214 617 4255 nec
639 4195 667 4255 ei
690 4194 797 4271 finem,
823 4218 897 4280 quae
920 4217 982 4258 non
1005 4194 1112 4271 habet,
1129 4195 1269 4281 impono,

313 4290 388 4355 Scio
401 4295 483 4358 enim
499 4292 577 4379 quia
598 4293 702 4358 omnia
718 4308 844 4381 potest3
877 4294 933 4359 sed
955 4310 1062 4360 tamen
1084 4297 1164 4379 quia
1186 4321 1272 4363 men·

770 4404 819 4460 12
