3384 5234
366 671 436 716 can.
452 656 527 734 xm]
726 671 981 718 notrcaarrcus.
1251 660 1314 719 313

368 844 430 906 que
470 827 600 907 gratiam
640 847 790 910 quaerere,
832 827 984 889 solemnis
1023 826 1070 887 illi
1107 825 1314 889 consuetudo.

368 925 458 988 Inter
472 927 542 991 haec
558 924 740 1012 eloquentia
755 938 787 991 et
812 929 949 1010 insignis
974 928 1086 1005 oratio,
1112 928 1268 991 acuminis
1282 939 1316 991 et

367 1028 503 1093 solertiae
518 1032 624 1113 plena,
639 1042 674 1093 ut
688 1051 748 1093 nec
765 1030 890 1092 ornatui
916 1029 1062 1105 facilitas,
1086 1050 1146 1091 nec
1171 1029 1316 1092 facilitati

366 1128 563 1195 inventionis
585 1131 711 1196 deesset
733 1143 873 1195 ornatus.
919 1130 1006 1193 Huic
1027 1130 1214 1193 Alexander
1232 1131 1318 1197 filius

369 1233 537 1312 successit,
559 1245 592 1297 et
617 1235 730 1297 virtute
760 1247 793 1296 et
819 1232 907 1295 uitiis
932 1242 1021 1316 patre
1047 1233 1157 1317 major.
1204 1235 1319 1318 Itaque

370 1334 519 1398 vincendi
550 1336 630 1401 ratio
668 1338 792 1420 utrique
830 1336 965 1399 diversa.
1010 1336 1077 1398 Hic
1110 1348 1228 1420 aperta,
1265 1339 1320 1401 ille
1412 1347 1415 1352 ⁴

372 1434 492 1497 artibus
507 1437 594 1499 bella
612 1438 777 1501 tractabat.
823 1435 980 1519 Deceptis
1002 1436 1057 1500 ille
1071 1437 1207 1518 gaudere
1220 1439 1321 1502 hosti-

371 1536 442 1611 bus,
465 1535 517 1600 hic
540 1539 645 1621 palam
668 1538 757 1601 susis.
802 1537 994 1600 Prudentior
1018 1538 1073 1601 ille
1099 1540 1246 1617 consiliu,
1267 1542 1319 1605 hic

374 1638 481 1701 animo
522 1640 786 1721 magnificentior.
857 1642 941 1704 Iram
986 1651 1076 1725 pater
1113 1640 1323 1721 dissimulare,

374 1740 560 1824 plerumque
587 1741 682 1806 etiam
713 1744 859 1806 vincere:
896 1743 950 1805 hic
977 1743 1033 1805 ubi
1055 1744 1237 1821 exarsisset,
1261 1768 1323 1811 nec

374 1840 482 1904 dilatio
502 1844 645 1921 ultionis,
660 1866 720 1909 nec
736 1845 850 1909 modus
870 1854 946 1908 erat.
990 1845 1067 1907 Vini
1081 1846 1176 1908 nimis
1189 1854 1323 1931 uterque

373 1942 496 2016 avidus,
513 1944 571 2007 sed
595 1946 757 2009 ebrietatis
775 1946 902 2009 diversa
921 1946 1005 2008 vitia.
1055 1945 1140 2009 Patri
1163 1969 1233 2011 mos
1256 1958 1324 2011 erat

375 2044 471 2107 etiarn
496 2046 537 2107 de
562 2048 711 2110 convivio
737 2050 771 2111 in
795 2048 919 2110 hostem
943 2069 1140 2130 procurrere,
1156 2071 1190 2113 se
1206 2059 1323 2115 temere

374 2147 526 2227 periculis
548 2151 668 2212 offerre.
714 2148 898 2213 Alexander
920 2169 986 2210 non
1009 2148 1043 2211 in
1069 2149 1188 2230 hosteS,
1212 2150 1327 2217 sedin

376 2266 449 2310 suos
472 2249 633 2314 saeviebat.
689 2251 903 2322 Quamobrem
930 2269 1016 2334 saepe
1042 2248 1231 2334 Philippum
1259 2255 1326 2317 vul·
1419 2310 1422 2315 .

377 2360 520 2413 uerutum
553 2352 664 2436 praelia
696 2354 857 2429 remisere,
885 2352 939 2412 hic
974 2352 1149 2415 amicorum
1180 2356 1327 2420 iuterfec-

377 2462 480 2515 torum
507 2455 654 2517 convivio
680 2454 862 2536 frequenter
885 2452 1035 2514 excessit.
1081 2454 1228 2533 Regnare
1253 2478 1328 2520 cum

376 2555 485 2617 amicis
510 2556 564 2617 ille
589 2556 726 2633 volebat,
750 2554 804 2615 hic
829 2554 863 2614 in
890 2551 1011 2614 amicos
1037 2573 1134 2633 regna
1149 2559 1329 2621 exercebat.

377 2655 486 2717 Amari
508 2666 599 2734 pater
627 2654 734 2730 malle,
757 2654 809 2714 hic
839 2652 949 2715 metui.
994 2652 1186 2717 Litterarum
1213 2657 1329 2735 cultus,

377 2757 502 2839 utrique
538 2756 659 2818 similis.
716 2754 858 2818 Solertiae
885 2765 975 2838 pater
999 2755 1139 2839 majoris,
1165 2756 1217 2821 hic
1244 2758 1329 2823 fidei.

377 2859 493 2922 Verbis
518 2867 614 2940 atque
638 2858 781 2920 oratioue
808 2857 990 2940 Philippus,
1016 2858 1069 2921 hic
1093 2861 1189 2922 rebus
1222 2860 1331 2925 mode·

379 2961 485 3023 ratior.
543 2959 701 3023 Parcendi
726 2959 831 3037 victis,
858 2959 927 3022 filio
950 2961 1075 3023 animus
1099 2963 1276 3044 promptior
1301 2973 1333 3026 et

381 3062 553 3125 honestior.
609 3061 795 3142 Frugalitati
825 3074 925 3145 pater,
951 3062 1090 3125 luxuriae
1115 3061 1201 3126 filius
1229 3066 1333 3146 magis

384 3162 510 3226 deditus
536 3175 611 3226 erat.
665 3163 789 3236 Quibus
814 3162 935 3226 artibus
959 3164 1046 3226 orbis
1069 3164 1194 3246 imperii
1220 3165 1331 3229 funda·

383 3275 490 3327 menta
507 3277 598 3348 pater
605 3263 697 3347 jecit,
711 3265 818 3346 operis
833 3262 915 3327 tanti
928 3264 1062 3345 gloriam
1078 3262 1165 3326 filius
1184 3286 1333 3328 consum·

382 3367 490 3431 mavit.
543 3369 602 3429 Ast
623 3366 657 3428 in
682 3386 746 3429 uno
768 3388 834 3429 non
857 3365 953 3428 modo
978 3366 1086 3448 patris,
1109 3366 1167 3429 sed
1192 3368 1335 3432 omnium

382 3471 592 3550 ingenuorum
604 3467 803 3530 transcendit
812 3468 900 3542 vitia,
914 3466 1001 3550 quod
1011 3468 1335 3533 incontinentissimae

384 3569 443 3630 fuit
457 3566 597 3644 invidie,
610 3567 692 3631 adeo
708 3577 743 3630 ut
759 3569 855 3630 etiam
864 3568 991 3650 paterni
1002 3567 1157 3652 triumphi
1172 3569 1203 3631 ei
1218 3570 1335 3634 lachri-

384 3688 451 3730 mas
478 3676 718 3748 extorquerent,
742 3686 780 3727 ac
807 3666 833 3728 si
861 3666 892 3728 ei
915 3667 1014 3729 virtus
1037 3677 1171 3750 paterna
1194 3671 1336 3734 omnium

384 3768 593 3852 gerendorum
630 3769 814 3851 praeriperet
852 3770 994 3849 gloriam.
1053 3770 1122 3832 Eos
1154 3770 1250 3834 etiam
1283 3783 1338 3834 aut

386 3869 524 3952 propriis
548 3868 696 3931 manibus
721 3867 944 3946 interficiebat,
962 3878 1018 3932 aut
1037 3869 1107 3953 rapi
1127 3871 1339 3954 praecipiebat

386 3971 428 4035 ad
443 3992 583 4055 poenam,
610 3970 666 4053 qui
689 3978 830 4052 paternae
854 3971 978 4034 virtutis
1002 3973 1164 4053 praeconia
1185 3971 1340 4056 praedica·

390 4075 475 4135 bant.
534 4073 577 4134 At
616 4071 814 4153 Pythagoras
855 4072 942 4155 apud
986 4071 1202 4157 Philosophus
1245 4085 1341 4137 tantae

389 4175 496 4238 extitit
518 4173 725 4251 auctoritatis,
746 4183 783 4236 ut
798 4173 839 4236 ad
855 4173 999 4236 omnium
1022 4174 1234 4257 quaestionum
1256 4173 1341 4237 deci-

388 4275 509 4337 sionem
536 4276 703 4350 sufficeret,
719 4274 747 4336 si
770 4274 803 4335 in
818 4285 909 4356 parte
936 4273 1114 4337 crederetur
1139 4273 1339 4355 Pythagoras
