3384 5234
2527 690 2652 749 247

2035 851 2292 937 pietatis
2334 865 2453 930 est,
2492 875 2642 939 quoe

1987 952 2278 1041 quisquis
2321 952 2453 1017 sine
2495 953 2641 1032 illis,

1980 1053 2151 1121 *libet
2198 1055 2642 1139 magistratum

1939 1169 2011 1233 rt,
2047 1157 2155 1221 sed
2185 1170 2247 1221 et
2279 1156 2545 1221 aliorum
2579 1157 2646 1221 in

1943 1273 2007 1325 et
2059 1259 2296 1323 utilium.
2389 1259 2641 1324 Miseri-

1955 1361 2269 1437 ἄπει-ΒΜ,
2315 1362 2639 1426 circumda

1839 1509 1842 1510 ν
1955 1465 2123 1529 bulis
2165 1464 2374 1527 cordis
2420 1464 2539 1540 tui,
2572 1476 2636 1529 et

1918 1581 1931 1629 ξ
1972 1585 2123 1629 nam
2156 1587 2367 1629 coram
2401 1569 2542 1630 Deo
2571 1578 2634 1630 et

2003 1681 2111 1733 tur
2167 1666 2638 1746 misericordiae,

1944 1795 1956 1832 ι
1997 1782 2061 1833 et
2104 1791 2281 1832 amor
2322 1769 2638 1854 subjecto-

1928 1893 2001 1948 .a‚
2047 1870 2358 1957 optimum
2401 1872 2637 1935 instru-

1920 1993 1954 2037 ι.
2048 1971 2173 2035 Sed
2203 1985 2266 2037 et
2298 1995 2474 2036 amor
2504 1972 2635 2037 sine

1905 2088 2023 2138 inte
2053 2074 2328 2160 justitiae
2358 2074 2638 2155 stimu10‚

1889 2176 2195 2242 [editatur
2217 2201 2370 2263 ergo
2389 2179 2636 2265 jugiter

1865 2300 1923 2341 m
1968 2292 2295 2365 operatur,
2326 2280 2502 2366 quod
2533 2279 2636 2343 lex

1850 2408 1862 2444 ι
1904 2382 2080 2466 ejus:
2138 2394 2202 2446 et
2244 2383 2332 2445 sic
2369 2382 2637 2446 clemen-

1827 2482 1977 2568 1uod
2021 2482 2241 2567 lingua
2281 2484 2420 2568 ejus
2454 2484 2633 2569 judi-

1802 2606 1851 2645 ιε
1882 2582 2023 2668 ejus
2052 2583 2310 2668 justitia
2350 2584 2411 2646 in
2448 2583 2627 2669 judi-

1778 2685 2097 2757 ·cessitate‚
2132 2695 2206 2745 ut
2238 2705 2461 2748 vacare
2504 2705 2632 2748 non

1746 2782 1949 2848 mllato
2005 2782 2311 2846 destituat
2370 2782 2628 2849 honore.

1708 2907 1743 2948 n
1777 2883 2009 2969 diligit,
2031 2900 2094 2947 et
2119 2882 2627 2969 delinquentium

1667 2987 2048 3051 :oderatione
2077 2985 2436 3070 compescit.
2527 2987 2630 3050 De

1623 3112 1700 3157 ne
1751 3089 1986 3153 librum
2045 3089 2251 3153 fertur
2308 3088 2626 3174 scripsisse

1571 3205 1693 3257 itur
1730 3190 2351 3276 Archigrammaton,
2395 3203 2459 3254 et
2501 3212 2629 3254 ma-

1487 3297 1555 3357 -d
1579 3293 1949 3381 patientiam
1981 3304 2044 3357 et
2063 3291 2336 3378 justitiae
2358 3291 2628 3371 cultum,

1397 3393 1627 3461 cicitur
1676 3406 1741 3458 et
1798 3394 2125 3479 exemplis,
2227 3395 2358 3459 Hic
2414 3407 2628 3458 autem

1371 3493 1683 3561 hominem
1739 3519 2015 3583 nequam
2060 3509 2124 3561 et
2168 3511 2626 3573 contumacem,

1247 3597 1591 3685 disciplinis
1643 3598 1967 3662 eruditum
2021 3598 2298 3683 egregie,
2344 3611 2407 3663 et
2451 3621 2629 3662 exer-

1211 3725 1269 3767 ιη
1311 3697 1855 3789 disputationibus
1895 3698 2370 3786 philosophicis.
2461 3703 2627 3767 Con-

1147 3801 1359 3869 nescin
1399 3825 1591 3889 quam
1639 3824 1890 3879 noxam,
1928 3802 1986 3865 ei
2027 3805 2303 3867 tunicam
2351 3802 2625 3876 detrahi,

1077 3905 1287 3969 ,uberet
1323 3905 1730 3969 Plutarchus.
1793 3905 1969 3969 Loro
1996 3918 2273 3990 coeperat
2306 3902 2625 3968 verberari

1031 4029 1105 4081 ne,
1135 4025 1339 4089 quum
1383 4017 1595 4069 tamen
1643 4004 2029 4069 inficiaretur
2074 4005 2352 4091 culpam,
2382 4006 2618 4079 dicem,

966 4120 986 4165 ι
1018 4101 1224 4189 egisse
1267 4101 1442 4181 mali„
1471 4105 1627 4165 nihil
1675 4102 1924 4166 sceleris
1968 4104 2315 4182 admisisse,
2346 4119 2410 4169 et
2440 4105 2614 4169 oblo-

898 4213 1039 4273 uvkur
1063 4229 1131 4269 se
1159 4205 1383 4269 multis
1411 4204 1797 4269 demeruisse
1825 4204 2147 4289 obsequiis
2173 4218 2245 4268 ut
2268 4206 2620 4291 vapularet.

852 4315 1049 4370 tremo
1098 4329 1301 4390 quum
1344 4328 1471 4372 non
1517 4306 1877 4391 proficeret,
1925 4304 2252 4369 vociferari
2297 4308 2513 4392 coepit,
2561 4320 2622 4371 et
