3384 5234
337 639 406 692 can.
423 630 486 710 un]
679 629 931 691 rotrcatrrcus.
1248 636 1290 693 45

338 796 475 878 probum
501 795 696 881 quandoque
722 795 866 861 modesta
889 794 1046 859 hilaritate
1069 796 1212 875 mulceri,
1233 797 1289 861 sed

338 895 582 980 ignominiosum
614 910 662 961 est
692 897 879 981 gravitatem
911 895 1130 980 hujuscemodi
1161 896 1288 960 lascivia

335 997 521 1081 frequenter
543 998 668 1062 resolvi.
710 999 761 1061 Ab
786 1000 857 1061 istis
883 1019 1010 1082 quoque
1033 997 1234 1082 spectaculis,
1254 1012 1286 1061 et

334 1098 469 1162 maxime
499 1100 540 1162 ab
570 1099 725 1175 obscenis,
752 1098 810 1162 riri
835 1097 991 1162 arcendus
1016 1111 1063 1162 est
1092 1099 1214 1174 oculus,
1245 1119 1287 1162 na

334 1201 561 1266 incontinentia
575 1202 655 1287 ejus,
667 1200 780 1265 mentis
794 1223 925 1287 quoque
940 1200 1172 1286 impudicitiam
1188 1201 1287 1265 fatea-

335 1315 397 1367 tur.
435 1303 576 1388 Egregie
593 1302 751 1388 siquidem
768 1301 955 1387 Sophoclem
976 1303 1142 1367 Praetorem
1163 1303 1287 1387 collega

335 1406 473 1469 Pericles
494 1426 640 1489 arguens,
664 1408 727 1469 ait:
755 1404 856 1468 Decet
885 1406 1058 1468 Praetorem
1084 1403 1285 1489 Sophoclem,

337 1528 400 1568 non
416 1505 511 1570 modo
535 1529 658 1585 manus,
675 1506 728 1569 sed
754 1518 785 1569 et
809 1505 919 1568 oculos
940 1503 1056 1568 habere
1077 1503 1285 1568 continentes.

335 1608 469 1683 Averte,
491 1607 605 1692 inquit,
628 1607 734 1683 homo,
757 1607 809 1669 cui
830 1607 870 1669 dc
891 1606 980 1690 regni
1000 1606 1164 1689 majestate
1183 1604 1287 1670 multa

335 1708 486 1784 licebant,
507 1709 615 1772 oculos
637 1731 733 1786 meos,
749 1730 788 1770 ne
811 1706 940 1771 videant
963 1706 1154 1771 vanitatem:
1185 1707 1286 1771 sciens

336 1808 448 1893 utique
463 1829 574 1872 verum
589 1831 655 1873 esse
671 1806 757 1895 quod
770 1806 850 1871 alius
864 1805 1062 1891 ingemiscit;
1086 1807 1165 1892 quia
1175 1807 1285 1873 oculus

335 1932 424 1972 meus
447 1909 651 1994 depraedatus
676 1921 723 1973 est
750 1909 887 1972 animam
913 1928 1023 1971 meam.
1068 1912 1283 1973 Veruntamen

334 2011 410 2097 quid
426 2011 462 2075 in
487 2009 620 2095 singulis
642 2010 744 2097 prosit
766 2008 816 2072 vel
844 2009 964 2083 deceat,
987 2007 1111 2073 animus
1134 2009 1284 2095 sapientis

333 2112 480 2191 advertit,
508 2136 564 2176 nec
586 2113 737 2199 apologos
759 2112 891 2197 refugit,
913 2125 970 2175 aut
997 2112 1201 2191 narrationes,
1224 2128 1282 2179 aut

332 2238 534 2301 quaecunque
564 2216 754 2301 spectacula,
781 2213 859 2277 dum
890 2213 1029 2289 virtutis,
1056 2227 1112 2279 aut
1142 2215 1283 2283 honestae

333 2315 483 2380 utilitatis
498 2314 635 2379 habeant
650 2310 906 2378 instrumentum.
939 2315 1043 2377 Sacrae
1058 2310 1188 2400 quidem
1200 2338 1284 2379 com-

333 2414 493 2481 munionis
522 2411 658 2501 gratiam
689 2414 908 2491 histrionibus,
938 2429 970 2481 et
1000 2417 1114 2492 mimis,
1141 2416 1219 2481 dum
1247 2418 1281 2484 in

333 2518 454 2584 malitia
475 2530 690 2604 perseverant,
709 2540 751 2581 ex
773 2518 963 2583 auctoritate
984 2531 1111 2604 patrum
1135 2543 1198 2584 non
1216 2542 1282 2585 am·

331 2618 414 2702 bigis
429 2642 496 2683 esse
516 2620 715 2705 praeclusam.
761 2619 859 2683 Unde
875 2619 953 2706 quid
977 2619 1157 2683 fautoribus
1171 2643 1282 2685 eorum

331 2720 494 2785 immineat
516 2721 650 2807 colligis,
673 2721 699 2785 si
722 2721 884 2799 facientes,
907 2736 938 2786 et
960 2724 1191 2786 consentientes
1212 2722 1283 2807 pari

332 2841 428 2905 poena
454 2821 564 2884 recolis
589 2844 655 2885 esse
683 2820 878 2906 plectendos.
923 2822 986 2896 Qui
1011 2821 1143 2900 donant,
1167 2820 1284 2905 inquit,

332 2919 551 2998 histrionibus,
560 2944 659 3007 quare
670 2921 814 2986 donant?
838 2924 909 2985 Hoc
922 2923 1034 3007 utique
1045 2921 1077 2984 in
1089 2919 1151 2984 illis
1161 2920 1283 2998 forent,

332 3022 364 3085 iu
382 3046 448 3107 quo
464 3024 645 3109 nequissimi
661 3036 744 3090 sunt.
780 3028 905 3110 Nempe
921 3024 977 3110 qui
991 3022 1167 3109 nequitiam
1183 3023 1282 3101 foret,

331 3137 419 3189 estne
430 3124 557 3188 bonus?
580 3126 686 3202 erum
700 3149 775 3190 vero
789 3126 931 3189 omniurn
943 3125 1076 3189 istorum
1089 3124 1128 3187 sit
1140 3123 1280 3202 odibilis,

331 3224 459 3289 illorum
480 3238 584 3291 tamen
608 3227 663 3315 qui
678 3228 783 3292 minus
805 3242 930 3303 nocent,
945 3226 1068 3291 malitia
1089 3224 1282 3291 tolerabilior

335 3338 393 3390 est.

374 3622 452 3705 Cap.
469 3625 498 3684 9.
528 3615 621 3684 Unde
636 3622 765 3684 dicatur
775 3623 991 3703 prostipr‘um,
1006 3630 1036 3685 et
1052 3620 1239 3704 quiescerit

703 3724 814 3780 auctor
829 3719 909 3797 ejus.

374 3836 442 3898 Eos
454 3847 560 3899 autem
573 3833 631 3921 qui
643 3835 825 3898 nocentiora
841 3835 1014 3920 praestigia,
1025 3848 1172 3919 artesque
1184 3833 1283 3917 magi·

330 3958 383 3999 cas
397 3950 429 4001 et
443 3940 544 4001 varias
559 3936 678 4022 species
690 3936 923 4001 mathematicae
938 3937 1115 4022 reprobatae
1126 3948 1285 4012 exercent,

327 4038 535 4124 jampridem
556 4037 655 4101 sancti
675 4051 780 4124 patres
803 4038 843 4102 ab
859 4038 932 4102 aula
953 4037 1091 4102 amoveri
1109 4037 1285 4122 jusserunt,

331 4139 472 4225 eoquod
494 4140 601 4203 omnia
622 4139 690 4203 haec
711 4139 854 4217 artificia,
871 4139 919 4202 vel
939 4139 1047 4224 potius
1064 4137 1229 4211 maleficia,
1245 4158 1285 4199 ex

330 4241 481 4325 pestifera
494 4241 631 4327 quadam
648 4240 862 4307 familiaritate
873 4241 893 4305 d
898 4249 1054 4306 aemonum
1066 4252 1098 4304 et
1110 4238 1284 4312 hominum,
