3384 5234
310 694 379 740 car.
398 678 467 757 xv.]
658 698 910 742 ronrcmmcus.
1222 687 1262 742 83

310 847 439 913 tissimae
465 848 636 933 passiones.
682 850 847 913 Somnium
872 871 947 912 vero
973 850 1063 935 cujus
1088 850 1261 934 appellatio

306 950 482 1014 communis
504 962 563 1025 est,
584 949 657 1015 licet
679 950 711 1013 in
735 951 838 1035 specie
861 952 990 1037 propria
1012 964 1186 1028 censeatur,
1202 975 1259 1035 per

307 1052 455 1138 quaedam
477 1051 641 1117 involucra
663 1073 769 1117 rerum
791 1053 875 1139 gerit
900 1053 1063 1139 imagines,
1084 1055 1116 1116 in
1140 1054 1258 1138 quibus

306 1156 520 1241 conjectorum
550 1154 708 1242 praecipue
738 1155 905 1241 disciplina
931 1169 1086 1233 versatur,
1110 1170 1142 1221 et
1173 1179 1258 1221 nunc

308 1277 400 1320 suum
423 1258 582 1344 cujusque
607 1268 666 1334 est,
688 1256 948 1349 nunc‘alienum‚
971 1279 1056 1322 nunc
1081 1281 1259 1339 commune,

306 1359 466 1424 interdum
491 1360 666 1445 publicum,
692 1372 748 1423 aut
773 1360 920 1445 generale
941 1374 998 1425 est.
1046 1361 1084 1423 In
1109 1361 1159 1424 his
1183 1382 1257 1424 vero

306 1461 454 1525 omnibus
476 1461 612 1547 qualitas
637 1482 858 1547 personarum,
881 1484 999 1537 rerum,
1022 1475 1053 1527 et
1077 1476 1255 1547 temporum

308 1560 546 1646 diligentissime
568 1562 762 1628 observatur.
809 1567 856 1628 Ut
881 1563 1033 1627 enimait
1064 1568 1191 1641 Nestor,
1218 1564 1258 1628 de

309 1676 394 1728 statu
420 1664 550 1750 publico
580 1664 662 1750 regis
686 1664 836 1729 credatur
867 1666 998 1746 somnio,
1022 1679 1078 1730 aut
1101 1667 1171 1752 ejus
1200 1670 1257 1753 qui

308 1768 530 1850 magistratum
549 1767 643 1853 gerit,
659 1767 708 1830 vel
729 1790 763 1830 re
784 1766 914 1853 quidem
931 1767 980 1831 vel
996 1768 1041 1831 rei
1058 1767 1159 1831 vicina
1174 1789 1257 1853 prae·

308 1868 530 1946 destinatione,
552 1881 608 1933 ant
631 1870 656 1934 si
679 1868 818 1955 publicae
839 1870 979 1935 fortunae
1002 1871 1129 1955 signum
1151 1883 1256 1934 osten·

308 1993 379 2035 snm
404 1984 452 2036 est
476 1971 596 2047 multis,
624 1984 659 2037 ut
689 1972 722 2034 in
749 1994 786 2034 eo
816 1972 903 2058 quod
928 1972 1075 2057 pluribus
1104 1973 1257 2037 Romanis

307 2072 439 2150 civibus,
470 2073 642 2138 secundum
674 2073 829 2159 quosdam
863 2075 985 2161 Sibylla
1013 2077 1186 2161 interprete
1216 2074 1255 2137 de

308 2179 459 2262 mysterio
474 2176 710 2254 incarnationis,
725 2176 898 2240 revelatum
918 2177 1077 2241 scribitur.
1123 2178 1167 2239 Et
1184 2177 1256 2263 qui-

306 2276 378 2341 dem
394 2298 454 2342 non
471 2277 567 2341 modo
581 2276 815 2354 incarnationis,
826 2277 879 2340 sed
897 2277 1060 2362 passionis,
1071 2277 1257 2342 ascensionis

306 2395 376 2463 post
397 2378 671 2455 resurrectionem,
687 2378 843 2443 adventus
863 2401 991 2465 quoque
1012 2379 1142 2444 secundi
1162 2380 1257 2444 inter·

306 2502 389 2566 pres,
419 2480 553 2545 docente
579 2492 612 2544 et
637 2480 778 2545 dictante
801 2481 929 2565 spiritu,
956 2482 1106 2566 patefecit
1132 2505 1256 2560 arcana,

307 2582 388 2647 sicut
403 2586 434 2646 in
451 2583 599 2647 versibus
623 2581 786 2668 Sibyllinis
801 2582 966 2646 manifeste
981 2583 1125 2668 reperies.
1171 2586 1256 2661 Quo·

306 2707 376 2749 rum
392 2684 490 2762 istud,
506 2688 588 2750 sicut
607 2685 638 2748 in
660 2686 821 2770 plerisque
840 2699 967 2770 patrum
991 2685 1156 2771 scripturis
1171 2686 1257 2749 inve·

307 2789 406 2862 nitur,
420 2788 549 2851 initium
564 2799 630 2851 est:

446 2895 541 2947 ludicii
552 2897 665 2963 signum,
678 2895 755 2948 tellus
768 2896 860 2949 sudore
871 2897 1029 2949 mandescet.

308 2990 340 3053 Si
359 3010 433 3052 vero
454 2989 558 3076 apices
579 2990 729 3076 capitales
752 2991 950 3075 singulorum
974 3013 1122 3055 versuum
1145 3013 1184 3053 ex
1207 3014 1256 3053 or-

306 3090 380 3157 dine
402 3092 647 3177 conjungantur,
663 3092 704 3157 ad
731 3092 987 3157 confundendam
1011 3092 1174 3177 perfidiam
1197 3096 1255 3158 Ju-

236 3194 238 3198 ’
305 3194 449 3258 daeorum
475 3195 535 3258 hoc
563 3194 724 3260 invenitur
750 3216 953 3279 expressum:
985 3196 1083 3259 Jesus
1110 3194 1258 3258 Christus

306 3291 391 3369 Θεὸς,
407 3289 530 3380 Σωτῆρι
555 3292 612 3357 nisi
637 3294 722 3379 quod
743 3294 775 3357 in
796 3293 907 3378 lingua
930 3294 1048 3357 Latina
1071 3293 1256 3356 Graecarum

303 3393 466 3459 literarum
483 3395 660 3479 proprietas
681 3394 720 3459 ad
742 3395 870 3480 plenum
887 3416 948 3458 non
965 3394 1072 3478 potuit
1086 3394 1256 3458 observari.

307 3495 403 3580 Ipsos
421 3517 496 3557 vero
511 3517 631 3577 versus,
654 3508 690 3560 ut
713 3496 836 3583 opinor,
856 3496 942 3582 apud
968 3498 1101 3561 Beatum
1126 3498 1258 3580 Augus-

304 3595 407 3661 tinum
431 3594 462 3659 in
485 3596 568 3661 libro
590 3597 630 3660 de
654 3598 792 3662 Ciuitate
819 3599 882 3661 Dei
903 3598 1052 3663 invenies.
1098 3601 1159 3662 Est
1181 3621 1257 3682 ergo

305 3698 447 3783 mysticae
462 3698 591 3763 visionis
605 3700 675 3784 ejus
690 3712 833 3785 caputet
850 3723 972 3763 summa
986 3700 1133 3778 intentio,
1144 3701 1167 3762 J
1169 3722 1256 3764 esum

304 3802 360 3884 qui
389 3800 668 3885 praefigurabatur,
699 3801 920 3865 indubitanter
954 3825 1021 3865 esse
1056 3802 1155 3867 filium
1195 3801 1257 3864 Dei

304 3900 379 3977 vivi,
395 3901 555 3966 hominem
572 3925 695 3981 verum,
705 3902 850 3988 judicem
870 3902 1023 3980 omnium,
1040 3925 1144 3987 regem
1166 3916 1258 3967 aeter-

302 4020 390 4083 num,
403 4016 671 4069 remuneratorem
686 4003 881 4089 sperantium
894 4003 926 4066 in
943 4027 987 4083 se,
998 4016 1158 4067 auctorem
1171 4004 1259 4083 vitae,

303 4119 334 4168 at
360 4116 488 4169 oeternae
518 4104 729 4169 beatitudinis
759 4120 796 4168 ex
828 4104 934 4188 gratia
963 4103 1155 4188 largitorem.
1210 4108 1259 4168 Re

308 4206 439 4290 quidem
464 4206 515 4270 vel
538 4207 583 4270 rei
606 4206 709 4270 vicina
730 4206 1020 4293 praedestinatione,
1043 4205 1116 4268 ideo
1138 4205 1259 4269 dictum

307 4320 367 4384 est,
383 4309 460 4393 qnia
475 4308 682 4392 magistratus
703 4331 788 4372 nnnc
808 4329 947 4394 praesens
961 4307 1163 4390 intelligitur,
1180 4327 1263 4368 nunc

760 4419 818 4474 o‘2
