3384 5234
377 685 437 749 148
640 702 776 749 roanms
791 671 1081 749 sanusaururmsrs¹
1189 688 1273 767 [cm.
1290 708 1328 753 11.

374 840 403 918 ei
417 854 595 939 ignorantia
609 854 787 940 suffragari,
810 877 909 941 quum
924 855 1043 920 nemini
1064 855 1158 921 liceat
1180 855 1327 940 ignorare

373 968 560 1038 creaturam,
576 979 649 1043 quae
667 979 699 1020 se
718 957 843 1041 appetit
866 954 1000 1033 adorari,
1015 955 1173 1020 infidelem
1198 970 1231 1022 et
1254 980 1325 1043 per-

373 1080 471 1123 versae
495 1058 670 1123 voluntatis
694 1079 769 1121 esse.
816 1057 942 1122 Sciebat
966 1057 1060 1122 etiam
1086 1057 1232 1123 illicitum
1257 1081 1325 1122 esse

373 1159 487 1225 ariolos
510 1173 542 1225 et
567 1182 699 1245 magnos
722 1158 894 1244 inquirere,
908 1172 940 1223 et
964 1158 1005 1222 de
1028 1159 1146 1224 futuris
1168 1157 1326 1224 solicitata

371 1263 562 1349 Pythonem.
600 1261 694 1341 Quod
710 1261 735 1324 si
747 1282 819 1323 eum
831 1260 1012 1345 ignorantia
1025 1283 1168 1346 personas
1179 1274 1322 1339 excusat,

370 1364 507 1430 melioris
521 1363 713 1429 conditionis
736 1374 831 1427 erunt
846 1362 937 1427 stulti
952 1384 1049 1449 quam
1073 1363 1179 1449 periti,
1195 1377 1227 1428 et
1249 1387 1324 1449 per·-

371 1468 453 1532 versi
467 1489 563 1553 quam
580 1465 669 1531 recti.
708 1466 752 1529 Et
768 1465 814 1529 ait
829 1462 957 1528 Samuel
974 1464 1052 1545 (non
1067 1463 1217 1550 equidem
1229 1488 1323 1530 verus

372 1569 427 1634 sed
442 1567 621 1633 umbratilis
636 1579 668 1631 et
691 1565 834 1645 fictitius,
850 1577 882 1629 et
904 1587 971 1651 quo
995 1564 1112 1651 dignus
1133 1580 1191 1643 est,
1206 1566 1326 1651 impius¹

370 1685 403 1737 et
419 1672 574 1756 reprobus
599 1669 810 1752 consultator)
828 1669 917 1742 Quid
944 1690 993 1731 me
1019 1668 1204 1754 interrogas,
1219 1692 1319 1755 quum

371 1772 697 1838 Dominusrecesserit
707 1794 726 1834 a
738 1783 769 1835 te
780 1782 811 1833 et
824 1769 982 1833 transierit
994 1771 1034 1833 ad
1043 1770 1193 1834 aemulum
1208 1774 1320 1834 tuum?

337 1913 340 1917 ⁴
372 1874 599 1959 Responsionis
621 1872 759 1950 initium,
774 1871 849 1935 fidei
872 1884 1119 1937 consentaneum
1141 1885 1201 1954 est,
1215 1885 1247 1937 et
1271 1893 1322 1934 ac-

369 1974 571 2039 commodum
601 1974 725 2037 rationi.
785 1971 869 2048 Quid
899 1973 981 2036 enim
1008 1974 1149 2038 conseret
1178 1984 1324 2037 creatura

368 2072 426 2151 illi,
448 2094 544 2157 quem
568 2072 684 2134 deserit
708 2075 809 2144 Deus,
825 2083 857 2133 et
881 2072 933 2134 cui
955 2071 1073 2157 deripit
1098 2072 1222 2155 spolia?
1254 2073 1327 2144 Sed,

368 2172 483 2238 sensim
499 2169 539 2234 ad
555 2171 589 2233 id
613 2169 700 2255 quod
716 2192 809 2234 suum
834 2183 892 2250 est,
907 2170 1007 2235 bostis
1020 2185 1052 2235 et
1076 2172 1152 2236 fidei
1175 2172 1321 2237 inimicus

368 2270 510 2346 divertit,
525 2268 703 2334 immiscens
724 2268 802 2332 falsa
816 2269 910 2351 veris,
925 2283 958 2335 et
978 2270 1140 2335 mendacia
1159 2271 1223 2336 lide
1239 2276 1320 2338 veri-

368 2370 444 2435 tatis
469 2369 668 2434 obnubilans.
714 2370 870 2453 Sequitur
894 2371 997 2436 enim:
1029 2373 1139 2437 Faciet
1165 2373 1224 2437 tibi
1252 2376 1320 2437 Do·

368 2476 472 2538 minus
482 2472 562 2536 sicut
578 2469 731 2559 loquutus
745 2485 792 2537 est
808 2475 840 2536 in
858 2496 955 2537 manu
970 2496 1050 2549 mea,
1065 2483 1098 2538 et
1112 2475 1234 2540 scindet
1250 2498 1320 2560 reg·

366 2598 445 2642 num
461 2587 554 2639 tuum
569 2574 609 2639 de
624 2597 720 2639 manu
737 2587 804 2655 tua,
818 2589 851 2640 et
874 2575 965 2640 dabit
984 2575 1066 2640 illud
1088 2577 1236 2664 proximo
1260 2589 1318 2642 tuo

367 2678 486 2754 David,
503 2680 578 2763 quia
602 2699 664 2740 non
690 2675 827 2741 obedisti
843 2677 911 2740 voci
936 2676 1077 2757 Domini,
1091 2700 1194 2763 neque
1215 2678 1319 2744 fecisti

365 2781 443 2846 iram
466 2779 584 2845 furoris
598 2780 668 2865 ejus
690 2780 722 2843 in
746 2778 910 2857 Amelech.
949 2778 1074 2842 Idcirco
1089 2779 1176 2864 quod
1191 2780 1322 2866 pateris,

366 2882 439 2947 fecit
465 2883 525 2947 tibi
552 2882 708 2946 Dominus
737 2880 845 2957 hodie,
875 2899 908 2944 et
929 2879 1020 2944 dabit
1043 2882 1201 2946 Dominus
1223 2883 1319 2947 etiam

365 3000 472 3052 tecum
491 2986 590 3050 Israel
603 2986 636 3049 in
651 3007 747 3049 manu
761 2983 1013 3048 Philistinorum.
1059 2985 1138 3049 Cras
1152 2998 1259 3049 autem
1278 2999 1315 3049 tu

366 3102 397 3153 et
413 3088 471 3153 filii
487 3088 535 3153 tui
551 3110 674 3151 mecum
689 3086 786 3150 eritis.
832 3084 894 3149 Sed
913 3098 946 3149 et
969 3097 1072 3150 castra
1089 3085 1188 3159 Israel
1213 3085 1315 3152 tradet

366 3190 526 3277 Dominus
540 3192 571 3253 in
582 3211 711 3252 manum
723 3185 904 3253 Philistiim.
936 3187 1071 3251 Exitum
1089 3188 1218 3273 quidem
1231 3187 1317 3266 belli,

365 3290 501 3355 fideliter
516 3290 651 3353 infidelis
666 3289 824 3374 exposuit,
837 3288 893 3353 sed
907 3300 1013 3352 tamen
1029 3289 1197 3353 verborum
1216 3290 1318 3364 tendi-

366 3392 447 3456 culis
476 3388 633 3453 infidelem
667 3401 699 3452 et
733 3387 890 3452 infelicem
924 3389 1061 3453 animam
1094 3390 1317 3457 fraudulenter

366 3492 501 3577 decepit.
546 3488 712 3552 Deviantis
739 3488 896 3574 siquidem
922 3493 1089 3556 confirmat
1114 3514 1262 3568 errorem,
1285 3504 1318 3557 et

365 3590 590 3677 impoenitenti,
601 3604 673 3675 post
685 3586 817 3665 exitum,
830 3594 972 3676 quietem
984 3593 1186 3678 repromittit,
1210 3596 1317 3671 Quum

366 3692 448 3755 enim
466 3690 542 3755 dicit
552 3691 725 3755 Dominum
738 3692 945 3778 impleturum
962 3717 1036 3780 quae
1053 3695 1205 3781 loquutus
1219 3710 1267 3761 est
1282 3699 1315 3762 in

366 3815 462 3857 manu
489 3814 569 3870 mea,
596 3814 629 3855 se
655 3793 868 3879 proculdubio
894 3793 1020 3860 simulat
1048 3795 1235 3873 Samuelem,
1258 3820 1316 3884 per

367 3917 460 3980 quem
479 3893 578 3970 Sauli,
602 3904 674 3980 quae
696 3893 878 3975 denunciat,
899 3894 1054 3981 loquutus
1069 3909 1121 3963 eat
1144 3900 1312 3963 Dominus.

367 3999 475 4070 Quum
499 4008 605 4059 autem
629 3995 813 4081 subjungit:
840 3999 917 4061 Cras
940 4009 976 4061 tu
1000 4012 1032 4063 et
1053 3997 1111 4062 filii
1127 3998 1175 4062 tui
1191 4020 1314 4063 mecum

366 4097 465 4173 aritia,
502 4119 610 4159 verum
646 4096 774 4183 quidem
812 4097 866 4161 sed
902 4097 1122 4164 fraudulenter
1156 4100 1315 4166 enunciat.

367 4200 447 4263 Erat
476 4196 557 4261 enim
589 4194 641 4261 die
668 4197 812 4283 sequenti
848 4196 906 4261 sibi
938 4221 1066 4263 manum
1096 4222 1135 4263 ex
1170 4185 1337 4285 despera-¹

365 4302 450 4369 tione
487 4301 639 4389 injiciens,
674 4300 713 4363 ad
752 4298 869 4363 inferos
906 4301 1110 4379 transiturus,
1146 4302 1316 4373 habiturus
