3384 5234
425 705 490 765 298
688 717 825 762 rosusrs
840 715 1116 762 saumssnrsssrs
1250 693 1335 772 [mn.
1350 713 1382 756 v.

425 866 551 942 cedere,
576 866 655 931 dum
679 866 782 951 gratia
805 865 932 951 proficit
953 864 996 929 ad
1017 864 1186 935 rimrtem3
1211 862 1289 949 quia
1307 862 1379 946 jam

426 989 490 1034 non
505 967 599 1033 timet
612 967 778 1044 serviliter,
793 968 850 1054 qui
863 967 954 1032 filiali
967 967 1084 1032 affectu
1098 966 1141 1031 ad
1155 966 1379 1040 reverentiam,

424 1083 459 1135 at
473 1070 559 1134 bona
571 1091 668 1156 opera
686 1069 847 1135 incitatur.
894 1071 1039 1156 Semper,
1053 1068 1160 1155 inquit
1172 1068 1288 1132 beatus
1299 1067 1376 1144 Job,

425 1172 516 1260 quasi
529 1183 692 1239 tumentes
704 1172 821 1237 fluctus
834 1194 929 1258 super
942 1194 996 1237 me
1010 1172 1105 1237 timui
1120 1172 1240 1247 Deum,
1251 1181 1286 1235 et
1299 1192 1381 1256 pon-

425 1273 486 1339 dus
499 1274 569 1360 ejus
583 1276 666 1340 ferra
686 1296 750 1339 non
773 1274 874 1362 potui.
920 1273 1044 1362 Utique
1058 1296 1093 1338 se
1108 1295 1173 1338 non
1186 1271 1380 1361 quandoque

425 1376 506 1442 dicit
528 1376 682 1456 timuisse,
707 1376 765 1443 sed
789 1398 928 1463 semper,
951 1389 986 1442 at
1009 1398 1085 1441 eum
1110 1375 1287 1462 perlectum
1310 1397 1380 1440 ene

426 1500 490 1545 non
505 1479 643 1557 dubitas,
658 1480 710 1545 cui
723 1479 823 1566 ipsius
842 1478 975 1544 Domini
997 1479 1190 1555 testimonio,
1205 1478 1254 1542 vir
1267 1476 1381 1542 similis

425 1603 489 1647 non
504 1594 574 1648 erat
586 1582 620 1647 in
635 1592 730 1649 terra
767 1581 838 1646 Nec
856 1602 931 1646 eum
946 1593 1037 1646 metu
1051 1602 1230 1667 poenarum,
1245 1580 1378 1645 cantate

425 1682 575 1765 deducta,
596 1683 748 1749 credibile
770 1695 820 1748 est
841 1705 861 1747 a
882 1682 975 1748 malis
996 1693 1200 1770 temperasse,
1223 1703 1322 1768 quem
1343 1680 1378 1745 in

426 1784 621 1870 perfectione
631 1784 766 1871 justitiae
776 1783 873 1849 fuisse
888 1806 951 1848 non
963 1783 1100 1869 ambigis
1110 1793 1378 1849 consummatum.

425 1886 498 1953 Jam
520 1887 554 1951 in
576 1886 855 1952 commendatione
880 1886 1002 1951 timoris
1027 1907 1132 1952 sermo
1157 1884 1319 1971 processit,
1344 1895 1380 1949 et

425 1989 568 2054 nondum
591 1990 740 2067 innotuit,
756 1989 835 2076 quid
857 1990 898 2054 sit
919 1990 1024 2055 timor.
1070 1989 1135 2055 Sed
1157 1988 1281 2053 utinam
1301 2008 1380 2052 con·

425 2088 515 2154 sistat
528 2088 561 2152 in
577 2089 683 2164 corde,
700 2091 790 2174 cujus
805 2089 977 2174 appellatio
992 2089 1086 2155 toties
1099 2099 1243 2154 versatur
1263 2088 1297 2152 iu
1311 2110 1377 2155 ore.

427 2190 461 2257 Si
475 2187 562 2254 enim
578 2200 720 2254 mentem
734 2189 789 2253 ille
804 2190 956 2275 tetigerit,
964 2190 1075 2275 lingua
1089 2190 1257 2268 efficacius,
1268 2199 1303 2254 et
1316 2189 1378 2254 sibi

424 2289 581 2357 salubrius
599 2289 784 2376 disputabit.
831 2291 916 2355 Nam
937 2292 971 2356 in
993 2314 1048 2358 ore
1069 2293 1187 2359 frustra
1207 2292 1380 2358 volvuntur

425 2392 532 2469 verba,
553 2391 579 2457 ai
598 2391 723 2457 virtutis
744 2392 899 2458 deliciunt
919 2415 1026 2479 opera.
1072 2394 1131 2459 Est
1152 2406 1259 2460 autem
1281 2393 1379 2458 timor

426 2494 501 2578 Dei,
518 2495 600 2561 sicut
621 2495 822 2562 beatissimus
846 2497 935 2583 Papa
958 2498 1133 2583 Gregorius
1154 2497 1276 2580 asserit,
1296 2496 1378 2562 nibil

424 2621 535 2665 eornm
550 2620 624 2687 quoe
638 2600 763 2685 agenda
777 2610 862 2680 sunt,
878 2600 1133 2687 praetermittere.
1179 2600 1252 2666 Hoc
1265 2598 1379 2686 utique

423 2700 689 2787 praetermittitur,
714 2703 800 2789 qnod
825 2724 886 2768 nec
911 2724 1018 2789 opere,
1044 2724 1104 2768 nec
1128 2702 1292 2768 voluntate
1315 2700 1377 2766 im-

423 2803 539 2890 pletur.
584 2803 748 2891 Quicquid
776 2805 864 2870 enim
890 2805 947 2883 vis,
973 2817 1007 2870 et
1035 2828 1099 2870 non
1128 2815 1230 2891 potes,
1255 2803 1377 2869 factum

425 2907 516 2972 Deus
542 2916 678 2992 reputat,
701 2929 740 2972 eo
763 2908 850 2995 quod
870 2906 1015 2973 voluntas
1036 2907 1132 2993 plena
1152 2908 1249 2976 totius
1274 2906 1380 2994 operis

425 3009 607 3076 mercedem
624 3010 836 3097 consequitur.
884 3011 1017 3077 Certum
1033 3022 1082 3076 est
1096 3023 1215 3094 autem,
1230 3010 1306 3098 quia
1320 3010 1377 3098 qui

426 3109 534 3176 Deum
557 3110 659 3191 timet,
674 3109 753 3174 nihil
775 3109 919 3196 negligit,
935 3122 970 3175 et
990 3111 1074 3176 bona
1089 3110 1175 3178 facit.
1221 3111 1287 3186 Qui
1301 3132 1379 3176 vero

423 3212 595 3296 diligenter
619 3211 727 3276 omnia
752 3211 933 3297 investigat,
957 3224 990 3278 et
1015 3214 1149 3297 cognitis
1173 3215 1278 3291 rebus,
1302 3234 1378 3300 quae

424 3325 499 3380 sunt
523 3313 659 3398 agenda,
681 3312 860 3400 exequitur,
883 3312 1092 3399 proculdubio
1116 3313 1242 3400 sapiens
1262 3322 1321 3390 est,
1344 3321 1379 3377 et

423 3414 604 3502 aptissimus
623 3412 761 3479 consiliis
782 3412 974 3499 principum,
989 3419 1061 3496 [seu
1077 3437 1097 3479 a
1110 3413 1296 3502 praelatione
1311 3434 1378 3479 non

423 3526 473 3581 est
494 3517 660 3598 arcendus,
682 3513 707 3579 si
730 3536 855 3580 morum
879 3514 1034 3600 gravitate
1060 3515 1262 3598 illustratur]
1308 3514 1378 3580 Ubi

424 3628 513 3683 tanta
541 3641 665 3685 morum
695 3617 832 3702 gravitas
861 3618 1047 3695 innotuerit,
1079 3630 1209 3685 aetatem
1238 3616 1378 3705 corporis

424 3718 539 3783 frustra
553 3721 686 3806 quisque
702 3732 859 3787 causatur.
906 3720 970 3785 Hic
985 3732 1034 3786 est
1049 3721 1136 3786 enim
1152 3743 1261 3799 senex,
1276 3740 1373 3807 quem

424 3816 675 3905 praeeligendum
714 3818 863 3899 consiliis,
891 3819 1056 3904 sapientire
1093 3821 1214 3884 monita
1249 3819 1377 3885 docent.

425 3918 483 3985 Ait
508 3919 613 3984 enim:
649 3918 804 3982 Senectus
828 3921 1018 3988 venerabilis
1043 3933 1102 3999 est,
1126 3943 1189 3987 non
1215 3920 1377 4001 diuturna,

424 4044 528 4110 neque
550 4042 684 4085 numero
707 4040 863 4086 annorum
886 4035 1079 4110 computata
1129 4022 1241 4088 Gloria
1262 4042 1376 4086 senum

424 4125 566 4192 canities.
599 4122 681 4191 Cani
697 4137 770 4190 sunt
785 4147 895 4192 sensus
910 4128 1101 4204 hominieet
1112 4138 1190 4191 aetas
1204 4125 1378 4191 senectutis

424 4230 488 4295 vita
502 4227 717 4295 immaculata.
752 4233 873 4295 Beatus
888 4230 981 4316 plane
998 4230 1053 4316 qui
1068 4229 1150 4293 banc
1166 4228 1379 4316 apprehendit

422 4344 563 4410 aetatem,
582 4344 617 4398 ut
631 4332 672 4397 de
689 4332 872 4399 innocentia
888 4333 972 4410 vitae,
988 4332 1192 4400 conscientie
1208 4356 1275 4400 suae
1290 4331 1380 4399 testi-
