3384 5234
368 716 439 761 css.
455 699 516 775 1v.]
716 712 972 759 rouvcaavrcus.
1280 698 1321 757 25

369 868 490 952 quippe
527 867 677 931 Chironis
712 867 906 944 habueruut,
934 865 1020 929 unde
1049 864 1120 929 haec
1151 865 1319 931 discerent.

368 968 481 1031 Caveri
509 988 649 1049 namque
673 967 829 1050 jubentur
857 966 1004 1031 convivia
1033 964 1276 1045 Centaurorum,
1301 989 1321 1031 a

368 1070 486 1153 quibus
514 1070 584 1133 sine
613 1067 762 1131 cicatrice
794 1089 889 1131 nemo
923 1067 1099 1131 revertitur.
1160 1069 1256 1142 Quod
1292 1071 1321 1133 si

367 1169 519 1242 historiis,
532 1189 613 1252 quas
624 1167 691 1231 suis
705 1178 810 1249 poetae
822 1167 1044 1231 decoloravere
1054 1167 1227 1249 figmentis,
1238 1169 1320 1234 fides

368 1270 578 1333 subtrahitur:
609 1268 656 1331 illi
670 1268 780 1350 utiquo
795 1268 884 1332 credi
897 1285 1030 1331 necesso
1048 1279 1107 1347 est,
1122 1289 1194 1351 quae
1217 1290 1259 1332 ex
1281 1290 1320 1333 eo

367 1369 456 1453 quod
467 1368 588 1451 scripta
596 1378 646 1431 est
657 1368 721 1429 Dei
732 1366 844 1449 digito,
853 1367 1104 1448 irrefragabilem
1114 1369 1200 1452 apud
1209 1390 1321 1433 omnes

367 1478 481 1551 gentes
495 1470 606 1531 sortita
618 1484 670 1531 est
683 1468 917 1531 auctoritatem.
961 1467 1088 1530 Primus
1103 1489 1177 1549 ergo
1192 1469 1322 1552 ponitur

367 1569 524 1633 Nemroth
546 1570 696 1632 robustus
718 1578 849 1632 venator
871 1578 982 1632 contra
1005 1569 1191 1632 Dominum.
1235 1571 1321 1634 Eum

367 1672 539 1754 reprobum
554 1670 654 1733 fuisse
675 1691 741 1733 non
764 1668 911 1753 ambigis,
926 1692 1021 1754 quem
1044 1670 1187 1733 omnium
1210 1671 1320 1737 docto·

367 1794 438 1836 rum
453 1773 546 1835 turba
567 1771 769 1835 condemnat.
814 1772 964 1837 Traditur
985 1774 1037 1836 hic
1060 1773 1094 1835 in
1117 1782 1236 1837 tantam
1258 1776 1321 1839 ela-

367 1875 464 1938 tionis
486 1873 629 1958 erupisse
651 1873 843 1952 vecordiam,
865 1884 982 1937 utnon
1006 1884 1167 1938 vereretur
1182 1875 1258 1960 jura
1275 1886 1321 1943 te-

367 1998 486 2041 merare
498 1988 629 2056 uaturae,
638 1997 737 2059 quum
749 1986 914 2040 consortes
925 1975 1130 2051 conditionis,
1140 1988 1172 2042 et
1182 1981 1319 2060 generis,

368 2101 448 2165 quos
469 2079 627 2162 ingenuos
641 2079 697 2142 illa
718 2090 890 2158 creaverat,
905 2080 957 2142 hic
981 2077 1145 2144 addiceret
1166 2081 1318 2146 servituti.

367 2178 560 2263 Tyrannidis
574 2202 651 2263 ergo
665 2181 826 2262 fastigium
841 2180 874 2243 iu
891 2181 1118 2244 contumeliam
1134 2185 1285 2248 creatoris
1300 2206 1320 2248 a

366 2291 516 2345 venatore
530 2281 701 2363 iucipiens,
712 2281 810 2343 alium
820 2302 887 2345 non
901 2281 1025 2344 invenit
1040 2292 1210 2359 auctorem,
1223 2304 1318 2368 quam

367 2404 440 2445 eum
466 2382 581 2466 quiin
607 2380 695 2445 caede
720 2382 867 2460 ferarum,
893 2390 926 2445 et
951 2383 1116 2445 volutabro
1143 2385 1319 2466 sanguinis,

368 2485 501 2548 Domini
516 2493 735 2567 contemptum
750 2483 926 2547 didicisset.
971 2483 1081 2566 Coepit
1095 2484 1181 2547 enim
1204 2497 1319 2569 potens

367 2608 437 2650 esse
452 2587 487 2649 in
509 2598 599 2649 terra.
644 2584 699 2648 Sic
721 2605 861 2668 namque
884 2584 1039 2667 scriptum
1062 2595 1127 2649 est:
1157 2586 1209 2649 Eo
1232 2585 1320 2670 quod

366 2709 431 2751 non
446 2685 673 2771 expectaverit,
689 2693 724 2747 ut
738 2686 901 2768 acciperet
915 2705 935 2748 a
958 2680 1099 2748 Domino
1121 2693 1318 2768 potestatem.

273 2815 275 2820 ·
368 2789 566 2872 Principium
588 2788 678 2869 regni
700 2787 768 2870 ejus
793 2787 957 2869 Babylon,
978 2785 1190 2869 dilatatusque
1216 2787 1320 2851 estin

367 2903 479 2954 terram
492 2892 646 2965 Sennaar‚
657 2890 713 2952 ubi
729 2910 829 2972 quum
844 2899 912 2953 tota
927 2900 1010 2952 terra
1024 2902 1108 2952 esset
1122 2888 1217 2952 unius
1231 2890 1320 2970 labii,

367 2990 603 3070 eoumdemque
626 3010 817 3064 sermonum,
831 2990 866 3051 in
890 2989 1007 3051 coelum
1031 2999 1138 3051 erecta
1156 2998 1204 3051 est
1225 2992 1319 3055 turris

368 3090 483 3166 Babel,
507 3090 632 3152 babens
656 3088 772 3150 lateres
801 3110 859 3170 pro
888 3086 1062 3170 lapidibus,
1088 3089 1232 3152 bitumen
1261 3114 1318 3175 pro

369 3203 537 3267 caemento,
551 3210 617 3251 non
639 3188 763 3251 habens
776 3186 810 3250 in
826 3188 1036 3252 fundamento
1057 3198 1178 3272 petram
1188 3213 1197 3267 ;
1227 3193 1318 3277 cujus

367 3292 520 3375 singulari
540 3288 700 3354 soliditate
724 3300 854 3369 structa,
869 3289 973 3353 omnis
997 3289 1168 3353 edificatio
1192 3292 1226 3355 in
1250 3296 1319 3357 Do·

366 3397 454 3459 mino
470 3392 673 3458 convalescit.
718 3393 762 3455 At
782 3392 930 3476 improba
952 3393 1110 3457 temeritas
1132 3396 1173 3458 ab
1197 3395 1318 3461 unitate

366 3495 510 3577 praecisa,
523 3493 701 3574 linguarum
724 3491 863 3555 succidit
884 3491 1048 3569 unitatem,
1063 3503 1095 3556 et
1116 3494 1220 3577 prima
1241 3517 1318 3561 con·

365 3596 522 3659 fusionem
536 3593 661 3671 meruit,
676 3614 747 3676 quae
762 3594 796 3655 in
812 3615 847 3657 se
863 3614 959 3677 quam
973 3595 1008 3657 in
1030 3595 1104 3659 Deo
1119 3598 1231 3661 maluit
1249 3601 1316 3681 glo-

365 3698 445 3760 riari.
499 3694 612 3759 Exivit
639 3695 681 3757 ab
708 3695 770 3757 hoc
801 3695 1015 3778 proverbium,
1038 3696 1137 3768 Quasi
1161 3698 1317 3765 Nemroth
1353 3707 1357 3721 '

364 3800 513 3861 robustus
537 3806 668 3859 venator
693 3816 802 3859 coram
829 3795 982 3873 Domino,
1006 3795 1087 3859 forte
1118 3798 1195 3879 quia
1220 3809 1317 3865 tantae
1389 3861 1391 3865 .

366 3898 515 3963 elationis
534 3899 569 3960 in
591 3917 624 3959 se
651 3896 768 3973 extitit,
783 3905 819 3958 ut
842 3916 903 3958 nec
926 3896 1064 3959 recentis
1085 3918 1182 3979 poena
1205 3898 1318 3961 diluvii

360 4012 476 4083 ,posset
497 4000 620 4077 instrui,
641 4000 719 4081 quin
741 4003 776 4061 in
798 3998 900 4062 oculis
922 3997 1055 4060 Domini
1078 4000 1265 4082 superbiret,
1286 4011 1319 4063 et

366 4102 556 4185 obsequium
573 4099 659 4184 quod
682 4101 722 4163 ab
744 4099 874 4163 bomine
890 4098 1031 4161 Domino
1055 4096 1241 4178 debebatur,
1256 4100 1316 4163 sibi

367 4201 596 4266 contumaciter
606 4211 789 4283 usurparet;
814 4219 912 4281 quum
924 4208 1049 4262 constet
1060 4198 1148 4279 quod
1159 4200 1317 4261 confusio-

368 4324 441 4367 nem
463 4303 642 4385 linguarum
665 4302 819 4367 diluvium
842 4299 1023 4363 antecessit.
1068 4300 1228 4381 Babylon,
1247 4299 1317 4378 qui·
