3384 5234
367 686 431 749 880
625 699 759 746 scaurus
775 700 1055 747 sanssasmsusrs
1188 684 1271 765 [nra.
1288 705 1319 749 v.

367 853 552 918 hominibus
576 855 671 916 bonae
705 854 886 917 voluntatis.
944 856 1018 917 Hoc
1055 855 1213 938 siquidem
1240 880 1319 921 can·

365 958 465 1019 ticum
479 966 527 1019 est
537 956 683 1019 fidelium
694 957 909 1040 praelatorum,
919 958 976 1041 qui
993 958 1148 1042 speciosis
1162 958 1320 1024 incedunt

366 1057 514 1141 pedibus,
539 1068 638 1121 etex
665 1080 704 1121 eo
727 1059 841 1135 beatis,
867 1058 953 1143 quod
979 1080 1095 1141 pacem
1121 1069 1256 1142 portant,
1285 1074 1318 1125 et

365 1180 480 1243 pacem
494 1160 713 1222 sanctimoniae
734 1160 867 1234 sociam,
893 1161 962 1223 sine
988 1182 1052 1245 qua
1076 1182 1172 1223 nemo
1196 1160 1319 1236 ridebit

370 1262 485 1325 Deum.
530 1261 653 1325 Dicunt
673 1273 705 1324 et
724 1261 759 1323 hi
785 1282 859 1324 cum
885 1262 1054 1344 sapientia,
1072 1260 1145 1347 quia
1166 1265 1252 1326 bona
1270 1277 1320 1327 est

366 1363 554 1440 substantia,
569 1363 621 1426 cui
636 1384 699 1425 non
724 1372 773 1426 est
797 1374 966 1446 peccatum
990 1365 1027 1427 iu
1052 1365 1260 1441 conscientia,
1287 1377 1319 1427 et

367 1464 564 1549 nequissima
589 1475 761 1548 paupertas
786 1466 821 1528 iu
856 1486 911 1529 ore
941 1466 1043 1550 impii.
1087 1467 1262 1531 Clamitant
1285 1468 1319 1529 in

371 1568 502 1651 plateis:
518 1565 595 1648 quia
610 1567 724 1629 beatus
739 1567 786 1629 vir
800 1567 857 1650 qui
873 1567 1021 1630 inventus
1035 1577 1083 1631 est
1099 1568 1169 1631 sine
1180 1566 1319 1641 macula,

368 1677 401 1731 et
416 1668 471 1750 qui
485 1678 560 1751 post
580 1688 690 1730 aurum
706 1688 770 1729 non
795 1668 883 1730 abiit.
928 1669 977 1730 Ac
1004 1669 1031 1731 si
1054 1680 1163 1749 aperte
1190 1668 1317 1733 dicant:

369 1769 524 1852 Quisquis
548 1769 582 1831 in
607 1790 738 1832 munere
764 1769 936 1852 cujuslibet
971 1770 1183 1851 magistratus,
1206 1790 1319 1833 aurum

370 1872 493 1957 quaerit,
508 1872 666 1935 maculam
680 1871 813 1946 invenit,
834 1873 903 1933 sine
931 1891 995 1953 qua
1021 1892 1079 1933 nec
1107 1871 1242 1952 acquiri,
1256 1893 1318 1935 nec

370 1995 440 2036 esse
455 1983 561 2055 potest
574 1972 660 2055 apud
672 1971 801 2034 avidum
816 1990 1041 2053 possessorem.
1080 1970 1162 2042 Quis
1177 1992 1318 2054 unquam

369 2074 540 2157 pecuniam
566 2073 634 2136 sine
660 2071 877 2136 sordidatione
901 2092 1055 2135 manuum
1079 2072 1225 2136 tractavit
1250 2073 1321 2136 diu-

369 2171 455 2236 tius?
512 2174 568 2234 Ex
602 2193 639 2235 ea
675 2182 780 2235 tamen
810 2182 896 2235 certe
925 2173 1031 2235 minus
1060 2194 1175 2237 manus
1204 2172 1321 2251 sordet,

370 2294 466 2357 quam
479 2270 612 2333 animus.
650 2272 736 2334 Nolo
752 2271 829 2333 mihi
844 2272 1000 2335 malorum
1015 2273 1186 2355 frigescant
1200 2274 1319 2354 limina,

371 2387 427 2441 aut
447 2374 486 2436 de
507 2394 582 2437 nare
603 2370 719 2437 canina
744 2393 858 2436 sonare
883 2372 937 2436 hic
961 2374 1053 2438 litera
1077 2374 1229 2454 videatur,
1255 2397 1322 2439 nou

370 2500 456 2563 pono
489 2497 526 2539 os
560 2497 665 2540 meum
699 2476 733 2538 in
769 2476 898 2550 coelum,
933 2486 970 2538 ut
1003 2474 1044 2540 de
1080 2478 1234 2561 patribus,
1264 2478 1322 2561 qui

368 2583 478 2646 orbem
488 2579 649 2664 judicant,
664 2587 697 2642 et
711 2600 730 2641 a
743 2578 833 2640 nullo
843 2577 1029 2662 judicantur
1040 2580 1073 2641 in
1085 2581 1187 2656 terris,
1197 2578 1318 2663 aliquid

372 2682 488 2760 dicam,
521 2681 586 2744 nisi
618 2682 749 2764 plenum
785 2679 862 2757 fide,
895 2681 1036 2759 caritate,
1071 2691 1103 2744 et
1136 2681 1319 2745 reverentia.

369 2786 485 2850 Dicam
510 2794 617 2848 tamen
641 2782 729 2866 quod
754 2801 863 2844 verum
897 2792 958 2858 est,
989 2781 1071 2846 adeo
1107 2794 1142 2846 ut
1168 2783 1199 2844 ei
1225 2804 1319 2846 nemo

371 2887 514 2952 fidelium
530 2886 644 2949 audeat
659 2883 817 2965 refragari,
833 2881 938 2945 dicam
955 2883 1044 2966 quod
1058 2884 1123 2968 ipsi
1133 2883 1320 2968 pradicant.

373 2994 501 3067 Dicam,
524 2989 668 3070 inquam,
694 2985 861 3070 quianon
890 2997 997 3068 potest
1026 2988 1139 3052 civitas
1165 2987 1322 3051 abscondi

372 3115 468 3178 supra
490 3102 631 3155 montem
652 3090 768 3172 posita,
790 3100 821 3151 et
842 3109 1047 3172 nequaquam
1070 3091 1166 3155 latere
1189 3099 1324 3173 possunt

371 3196 517 3259 notitiam
530 3191 704 3275 publicam,
719 3212 791 3274 quae
805 3192 839 3253 in
863 3203 1040 3274 conspectu
1055 3192 1196 3274 gentium
1223 3190 1321 3255 fiunt:

372 3295 532 3381 siquidem

477 3403 563 3457 Omne
574 3400 654 3453 animi
664 3401 756 3454 vitium
767 3406 840 3454 tanto
852 3402 1013 3473 conspectius
1023 3403 1051 3453 in
1062 3418 1091 3454 se

477 3488 583 3542 Crimen
593 3487 682 3551 habet,
694 3492 791 3556 quanto
801 3487 884 3558 major
896 3489 940 3556 qui
951 3492 1042 3560 peccat
1052 3488 1172 3540 habetur.

371 3589 426 3653 Sal
437 3608 563 3673 quoque
579 3586 768 3649 infatuatum
785 3586 826 3648 ad
850 3582 987 3647 nihilum
1002 3586 1087 3649 valet
1101 3585 1194 3661 ultra,
1209 3582 1272 3646 nisi
1288 3590 1325 3645 ut

369 3689 554 3775 projiciatur
567 3688 662 3763 foras,
679 3698 711 3751 et
722 3687 929 3751 conculcetur
945 3687 985 3749 ab
1002 3685 1197 3759 hominibus,
1212 3693 1323 3766 utpote

370 3791 441 3853 vilis
463 3789 612 3873 abjecti0,
636 3810 708 3872 quae
734 3810 794 3851 nec
821 3786 863 3849 ad
889 3786 1149 3848 stercorationem
1175 3803 1322 3863 agrorum

374 3888 514 3974 prodest.
559 3889 614 3953 Sol
642 3906 770 3970 quoque
796 3886 904 3947 orbem
929 3883 1066 3944 illustrat
1091 3879 1227 3965 plenius,
1251 3881 1327 3963 quia

372 4000 404 4057 in
431 3990 582 4055 eminenti
605 3999 661 4052 est.
706 3986 792 4060 Quid
815 3981 936 4046 multa?
983 3984 1090 4066 Opera
1116 3981 1326 4062 singulorum,

372 4091 589 4156 testimonium
609 4085 777 4171 perhibent
797 4084 837 4147 de
860 4082 915 4146 eis.
963 4082 1018 4148 Sic
1044 4081 1174 4147 Samuel
1193 4102 1325 4163 operum

373 4193 556 4259 testimonio
567 4187 764 4275 justificatus
778 4199 835 4251 est.
875 4187 940 4251 Sed
955 4210 996 4250 ne
1013 4186 1169 4250 videretur
1184 4184 1325 4268 populus

373 4297 404 4360 ei
419 4294 567 4372 blandiri,
583 4303 614 4358 et
637 4290 726 4376 quasi
747 4313 790 4355 ex
811 4291 924 4357 timore
945 4291 994 4354 vel
1016 4286 1143 4355 fallacia
1166 4289 1254 4352 sulsae
1275 4286 1322 4349 in·
