3384 5234
375 704 445 748 cae.
461 688 543 767 run]
719 705 974 751 socrosarrcus.
1261 694 1324 752 215

372 854 447 918 tiam
465 855 619 919 minueret
643 877 808 940 processus
828 854 942 933 aetatis,
956 855 1153 941 respondisse
1174 857 1319 922 dicatur:

372 956 564 1041 Hujusmodi
581 956 763 1020 hominibus
783 956 937 1021 debemus
959 957 1070 1034 risum,
1086 958 1176 1022 nobis
1199 981 1320 1023 correc-

369 1057 497 1134 tionem,
520 1057 574 1121 sed
596 1079 723 1142 poeuam
751 1057 934 1122 criminosis.
979 1060 1062 1124 Nam
1088 1059 1129 1122 de
1153 1061 1232 1124 Tito
1255 1059 1321 1123 filio

368 1160 438 1244 ejus
461 1159 540 1245 quid
556 1159 684 1222 dicam?
715 1161 771 1245 qui
789 1161 889 1245 patris
904 1160 1068 1226 avaritiam
1094 1172 1183 1224 tanta
1206 1160 1321 1226 libera·

368 1258 458 1324 litate
473 1260 636 1346 purgavit,
654 1275 689 1323 ut
705 1282 793 1323 amor
807 1275 838 1324 et
856 1260 977 1325 delicias
992 1262 1124 1325 humaui
1141 1260 1265 1346 generis
1280 1260 1321 1324 ab

368 1361 516 1425 omnibus
530 1360 700 1437 diceretur,
715 1362 968 1426 constantissime
987 1376 1098 1426 tenens
1112 1362 1144 1423 in
1166 1360 1320 1438 moribus,

369 1483 407 1523 ne
424 1483 518 1546 quem
533 1460 714 1546 postulandi
735 1462 838 1547 gratia
853 1461 893 1526 ad
917 1486 949 1526 se
972 1461 1184 1536 accedentem,
1200 1461 1266 1524 sine
1287 1484 1321 1525 re

370 1565 422 1626 vel
438 1584 502 1646 spe,
519 1583 711 1646 quocunque
725 1563 820 1626 modo
836 1563 1021 1627 dimitteret.
1067 1563 1164 1627 Unde
1186 1563 1321 1627 interro·

368 1662 519 1745 gentibus
544 1662 735 1739 domesticis,
765 1688 822 1728 cur
854 1664 948 1750 plura
978 1664 1191 1750 polliceretur,
1221 1687 1318 1751 quam

369 1778 520 1848 praestare
542 1777 657 1850 posset,
678 1766 858 1851 respondit:
890 1788 953 1829 non
976 1779 1103 1852 oportet
1127 1788 1320 1852 quemquam

368 1885 387 1924 a
402 1885 544 1926 sermone
559 1864 712 1950 principis
727 1868 847 1930 tristem
864 1866 1036 1931 discedere.
1082 1867 1175 1930 Idem
1192 1888 1320 1952 quoque

368 1964 552 2029 recordatus
568 1988 663 2049 super
672 1987 812 2042 -coensm,
824 1966 912 2052 quod
929 1967 1007 2030 nihil
1019 1981 1087 2032 tota
1101 1967 1153 2031 die
1167 1968 1318 2053 cuiquam

368 2062 577 2144 praestitisset,
592 2063 701 2128 dolens
723 2079 754 2129 et
770 2088 899 2149 gemens
920 2066 1023 2133 dixit:
1055 2069 1084 2131 Ο
1106 2067 1210 2144 amici,
1233 2068 1319 2132 hunc

368 2162 451 2226 diem
474 2165 609 2250 perdidi.
654 2169 757 2241 Quem
773 2170 804 2231 in
822 2168 888 2230 vita
902 2168 1082 2244 offenderit,
1099 2192 1118 2233 a
1133 2168 1319 2255 Hierosoly·

366 2287 489 2329 morum
505 2288 648 2329 reversus
662 2268 798 2344 excidio,
813 2267 954 2333 nondum
972 2269 1053 2354 legi:
1081 2283 1114 2334 et
1128 2270 1212 2333 forte
1225 2269 1318 2333 illum

366 2365 519 2430 vindicem
543 2367 743 2446 innocentiae,
766 2381 799 2432 et
820 2370 964 2433 crucifixi
987 2371 1205 2457 redemptoris,
1220 2371 1318 2455 clegit

368 2467 535 2547 Dominus,
550 2473 607 2554 qui
628 2469 783 2553 populum
807 2470 1172 2535 excaecatum.incolumi
1196 2474 1317 2536 consci-

365 2566 450 2629 entia
463 2589 525 2631 non
541 2568 637 2630 modo
648 2567 839 2639 innocenter,
854 2566 909 2628 sed
926 2578 957 2629 et
971 2565 1115 2650 religiose
1126 2567 1317 2652 deprimeret

367 2681 399 2730 et
421 2667 549 2731 deleret.
595 2671 720 2731 Nactus
740 2667 857 2729 etenim
886 2666 1007 2745 horam,
1029 2688 1094 2751 qua
1119 2667 1317 2731 moriendum

368 2780 446 2840 erat,
457 2790 555 2851 quum
567 2766 677 2830 lectica
686 2767 865 2844 veheretur,
876 2767 1053 2853 suspexisse
1062 2766 1180 2831 dicitur
1188 2768 1318 2846 coelum,

367 2866 571 2951 multumque
583 2880 777 2952 conquestus
788 2883 847 2949 est,
858 2869 938 2954 eripi
951 2868 1010 2933 sibi
1023 2869 1121 2933 vitam
1132 2867 1317 2934 immerenti.

368 2971 481 3051 Neque
505 2968 586 3031 enim
614 2982 722 3033 extare
749 2969 849 3035 ullum
873 2971 994 3034 factum
1019 2992 1121 3050 suum,
1145 2971 1233 3055 quod
1256 2969 1317 3036 sibi

365 3068 584 3152 poenitendum
600 3082 680 3135 esset
703 3084 838 3156 excepto
860 3094 923 3135 uno
946 3071 1113 3137 duntaxat.
1158 3073 1200 3137 Id
1221 3071 1317 3158 quale

365 3168 473 3242 fuerit,
490 3191 546 3234 nec
560 3172 629 3255 ipse
644 3183 721 3236 tunc
743 3171 898 3257 prodidit,
915 3195 1016 3258 neque
1031 3174 1181 3259 cuiquam
1203 3186 1314 3238 notum

364 3270 439 3335 fuit.
484 3269 570 3349 Quid
595 3274 635 3337 de
660 3274 812 3360 patientia
838 3274 935 3359 hujus
959 3275 1083 3361 loquar,
1108 3276 1201 3360 cujus
1226 3286 1316 3340 tanta

364 3374 543 3459 benignitas
568 3391 647 3453 erat,
673 3389 710 3441 ut
740 3398 798 3440 sua
826 3376 955 3461 injuria,
982 3376 1058 3442 dum
1084 3399 1104 3440 a
1132 3376 1315 3441 concivibus

364 3475 547 3553 abstineret,
578 3478 632 3540 vix
660 3477 802 3542 crederet
837 3500 1032 3564 quemquam
1065 3500 1156 3563 posse
1185 3478 1315 3543 moveri.

366 3577 482 3642 Tantae
499 3579 656 3663 siquidem
671 3577 833 3644 civilitatis
857 3591 890 3642 et
912 3579 1121 3644 humanitatis
1135 3579 1166 3642 in
1181 3580 1315 3665 imperio

363 3679 437 3758 fuit,
453 3699 489 3743 ut
504 3681 652 3744 omnibus
675 3681 835 3766 prodesse,
850 3680 1041 3766 nullumque
1064 3680 1175 3767 punire
1199 3681 1315 3746 studu-

364 3780 443 3859 erit3
467 3781 629 3846 convictos
645 3782 872 3867 conjurationis
887 3793 996 3845 contra
1008 3804 1041 3845 se
1052 3781 1172 3847 dimisit
1188 3782 1314 3862 illaesos,

364 3894 394 3947 et
409 3883 441 3945 in
457 3883 621 3969 pristinam
637 3882 886 3947 familiaritatem
897 3882 1034 3950 admisit.
1076 3887 1138 3950 Sed
1154 3898 1187 3949 ct
1203 3887 1315 3949 Domi·

366 3982 481 4060 tianus,
496 3985 553 4069 qui
577 3984 795 4069 gravissimam
818 3985 1063 4049 Theomachiam
1078 3987 1220 4050 exercuit
1244 3997 1317 4072 post

367 4082 537 4163 Neronem,
552 4086 650 4171 hujus
670 4086 797 4151 virtutis
820 4086 942 4171 aliquid
967 4086 1158 4173 plerumque
1181 4087 1316 4151 indulsit

366 4184 500 4262 civibus,
516 4185 587 4250 licet
603 4188 636 4249 in
652 4209 705 4250 eos
720 4188 819 4273 gratis
837 4185 1031 4272 quandoque
1045 4188 1205 4266 insaniret,
1221 4188 1316 4251 homo

369 4283 495 4367 quidem
513 4309 743 4373 usquequaque
759 4288 892 4365 inutilis,
904 4300 936 4351 et
951 4288 1009 4371 qui
1023 4288 1102 4353 nihil
1116 4287 1204 4351 aliud
1220 4288 1316 4351 habe-
