3384 5234
411 710 473 769 230
669 720 805 765 mamus
821 717 1101 763 sascsuunruusrs
1217 704 1300 779 [mu.
1318 721 1363 765 rv.

408 872 574 958 populum.
621 872 785 955 Frequens
799 868 883 931 enim
898 880 958 943 est,
969 881 1005 932 ut
1022 868 1144 932 subditi
1159 870 1360 953 superiorum

410 974 489 1037 vitia
502 973 680 1050 imitentur,
694 971 772 1058 quia
792 969 995 1054 magistratui
1017 968 1156 1055 populus
1171 970 1281 1035 studet
1296 992 1364 1036 esse

413 1071 593 1147 conformis,
618 1082 650 1135 et
677 1070 898 1155 unusquisque
923 1068 1061 1133 libenter
1085 1069 1218 1154 appetit,
1240 1069 1272 1132 in
1298 1092 1365 1155 quo

413 1169 508 1235 alium
525 1171 624 1235 cernit
638 1169 803 1235 illustrem.
842 1166 976 1233 Celebre
990 1180 1039 1232 est
1052 1168 1135 1233 illud
1145 1168 1367 1233 versificatoris

414 1270 546 1355 egregii,
555 1291 680 1335 sensum
696 1280 728 1333 et
739 1267 837 1332 verba
851 1268 959 1351 magni
974 1268 1135 1333 Theodosi
1149 1268 1367 1355 exprimentis,

521 1385 555 1437 Iu
566 1401 700 1437 comum
707 1383 785 1455 jubes
797 1383 820 1435 si
832 1383 904 1451 quid,
915 1399 1039 1435 censesve
1049 1383 1202 1449 tenendum,

522 1469 626 1521 Primus
632 1471 708 1541 jussa
719 1468 793 1520 subi:
811 1473 874 1520 tunc
884 1468 1061 1520 observantior
1072 1470 1143 1539 aequi

518 1557 565 1609 Fit
575 1572 608 1627 po
653 1572 693 1619 os,
705 1571 754 1606 nec
765 1552 832 1605 ferre
841 1558 932 1621 negat,
944 1571 1024 1624 quom
1036 1554 1132 1607 viderit
1142 1556 1229 1626 ipsum

522 1641 663 1693 Auctorem
672 1655 764 1710 parere
775 1638 834 1690 sibi.
871 1638 1041 1709 Componitur
1053 1640 1125 1693 orbis

521 1726 605 1793 Regis
616 1726 651 1777 ad
663 1723 818 1795 exemplem,
829 1741 878 1776 nec
889 1724 926 1776 sic
936 1722 1071 1777 inflectere
1082 1742 1177 1778 sensus

524 1812 663 1863 Humanos
675 1810 761 1863 edicta
772 1808 869 1873 valent,
880 1826 959 1877 quem
969 1809 1025 1861 vita
1035 1811 1161 1877 regentis.

524 1896 625 1949 Mobile
637 1900 752 1947 momtur
763 1911 865 1964 semper
874 1911 932 1947 cum
942 1895 1059 1965 principe
1068 1894 1171 1963 vulgus.

419 2002 537 2064 Verum
568 1998 765 2083 singulorum
796 1996 964 2061 facultates
992 2020 1196 2085 nequaquam
1226 2002 1366 2062 omnium

419 2100 519 2184 copiis
533 2098 754 2183 adaequantur.
779 2101 829 2162 De
841 2097 955 2162 loculis
965 2099 1103 2184 propriis
1113 2098 1250 2184 quilibet
1262 2099 1370 2180 sumit,

420 2210 453 2265 at
464 2210 605 2284 potestas
619 2199 660 2262 de
672 2220 744 2261 arca
759 2198 890 2284 publica
901 2196 952 2261 vel
964 2198 1089 2263 cimelio
1104 2198 1231 2262 haurit:
1255 2220 1329 2283 quae
1344 2199 1370 2262 si

417 2300 499 2364 forte
521 2299 681 2376 defecerit,
704 2298 743 2362 ad
767 2298 965 2384 singulorum
988 2298 1162 2364 recurritur
1189 2300 1369 2365 facultates.

419 2402 525 2488 Atqui
547 2404 707 2487 privatum
730 2422 891 2488 quemque
913 2400 979 2465 suis
999 2422 1123 2465 necesse
1145 2413 1193 2465 est
1215 2424 1281 2465 esse
1295 2424 1370 2465 con-

417 2514 553 2567 tentum.
598 2504 677 2580 Quae
692 2502 717 2567 si
732 2502 851 2567 fuerint
867 2513 1050 2580 extenuata,
1066 2502 1123 2588 qui
1134 2502 1370 2587 nuncpoteutis

420 2604 591 2689 appetebat
613 2603 781 2689 fulgorem,
804 2615 994 2689 paupertate
1016 2603 1164 2668 sordidus
1181 2603 1372 2667 confusionis

422 2728 487 2770 suae
500 2706 645 2771 tenebras
654 2706 821 2770 erubescit.
854 2704 936 2769 Inde
951 2705 1047 2769 etiam
1058 2704 1371 2771 Lacedaemoniorum

420 2806 559 2885 decreto,
588 2807 801 2893 potestatibus
830 2806 863 2869 in
892 2829 953 2870 usu
984 2805 1185 2893 publicorum
1215 2808 1371 2872 bonorum

420 2910 556 2994 parcitas
577 2910 698 2973 indicta
719 2920 778 2987 est,
801 2910 879 2974 dum
900 2920 1005 2972 tamen
1028 2908 1238 2975 hereditariis
1260 2909 1319 2986 uti,
1341 2921 1374 2974 et

423 3007 473 3072 hia
495 3034 570 3094 quae
593 3010 754 3096 pinguiori
776 3009 908 3074 fortuna
929 3009 1097 3090 accedunt,
1118 3009 1278 3076 communi
1301 3010 1375 3097 jure

424 3110 528 3176 liceat.

425 3393 505 3477 Cap.
522 3398 550 3456 5.
578 3392 670 3467 Quod
690 3392 877 3472 principem
906 3400 1032 3453 castum
1060 3410 1129 3453 csse
1157 3398 1316 3473 oporteat,
1345 3397 1377 3452 at

718 3493 894 3555 avaritiam
909 3491 1083 3555 declinare.

470 3661 619 3724 Anrucrr
640 3660 709 3723 lex:
735 3662 808 3724 Non
832 3659 963 3724 habebit
986 3682 1101 3723 uxores
1122 3660 1288 3746 plurimas,
1300 3681 1376 3743 quae

425 3760 561 3826 afficiant
583 3761 719 3825 animam
742 3763 820 3848 ejus.
867 3762 1008 3825 Licitum
1031 3760 1162 3846 quidem
1191 3759 1255 3824 fuit
1277 3781 1380 3844 quan-

425 3862 531 3948 doque
545 3864 577 3926 in
600 3865 721 3947 populo
737 3861 811 3939 Dei,
835 3874 872 3926 ut
895 3859 1112 3946 propagandae
1134 3860 1252 3923 sobolis
1273 3859 1379 3944 gratia

426 3976 457 4029 et
473 3962 598 4028 fidelem
618 3962 773 4047 populum
797 3962 963 4039 dilatandi,
986 3960 1094 4047 plures
1115 3961 1190 4047 quis
1212 3960 1382 4025 sortiretur
1407 4016 1410 4022 ,

427 4087 552 4128 uxores.
618 4064 658 4125 In
687 4064 871 4150 exemplum
907 4063 1044 4129 licentiae
1077 4063 1176 4150 hujus
1207 4074 1381 4126 occurrunt

426 4164 629 4242 Patriarchae‚
639 4187 740 4251 quum
755 4167 833 4232 Sara
843 4190 899 4231 usa
911 4168 952 4232 sit
958 4169 1033 4254 jure
1043 4188 1113 4243 suo,
1122 4185 1254 4251 corpore
1264 4161 1382 4228 scilicet

427 4264 575 4342 Abrahae,
595 4265 627 4328 in
651 4278 743 4330 utero
765 4264 878 4344 alieno,
901 4266 1024 4331 ancillae
1045 4263 1230 4342 ministerio,
1250 4263 1291 4329 de
1313 4262 1382 4327 viro
