3384 5234
434 689 497 747 242
691 696 828 741 romnus
844 696 1124 742 sannsannransrs
1243 680 1323 759 [nm.
1341 700 1386 744 ιν.

433 849 576 924 trahunt,
595 848 626 911 si
650 847 773 923 volunt,
796 860 827 911 'et
850 847 981 927 audent,
1003 848 1146 933 exlegem
1172 848 1302 927 faciant,
1323 874 1385 935 ego

431 974 495 1015 non
517 949 612 1014 modo
634 951 684 1015 his
710 950 931 1029 renitentibus,
954 950 1009 1013 sed
1038 949 1159 1014 mundo
1183 951 1385 1032 reclamante,

426 1053 517 1140 :ipsos
545 1053 605 1117 hac
634 1051 703 1137 lege
733 1052 832 1116 teneri
858 1051 1019 1117 confirmo.
1065 1054 1104 1117 In
1131 1076 1197 1138 quo
1218 1057 1314 1132 enirn,
1336 1055 1384 1118 in-

429 1256 511 1332 ritis,
535 1253 735 1341 judicabimi.
785 1256 830 1317 Et
859 1266 944 1318 certe
969 1254 1128 1341 judicium
1157 1256 1379 1341 gravissimum

429 1358 461 1421 in
476 1356 526 1421 his
545 1356 602 1441 qui
617 1366 758 1440 praesunt
780 1353 846 1434 fiet,
860 1376 899 1417 eo
920 1354 1008 1439 quod
1031 1377 1179 1423 mensura
1193 1356 1287 1437 bona,
1305 1379 1379 1420 cou-

427 1459 522 1536 ferta,
560 1470 591 1521 et
627 1455 794 1542 coagitata,
828 1468 859 1519 et
895 1455 1092 1541 superfluens
1125 1456 1312 1522 refundetur
1346 1459 1379 1521 in

427 1562 514 1627 sinus
535 1582 654 1641 eorum.
699 1562 768 1624 Nec
790 1571 894 1623 tamen
917 1558 1182 1644 dispensationem
1205 1560 1284 1645 legis
1306 1562 1380 1625 sub-

426 1663 518 1728 traho
532 1662 680 1727 manibus
694 1672 901 1747 potestatum,
918 1662 972 1725 sed
987 1675 1174 1747 perpetuam
1190 1664 1379 1749 praeceptio-

424 1787 509 1842 nem,
520 1777 577 1829 aut
592 1762 837 1850 prohibitionem
853 1762 1012 1839 habentia,
1025 1763 1118 1829 libito
1133 1788 1243 1830 eorum
1260 1788 1379 1851 nequa-

423 1889 520 1953 quam
540 1867 676 1930 arbitror
698 1865 917 1950 supponenda.
963 1866 1001 1929 In
1017 1866 1067 1931 his
1088 1867 1199 1954 itaque
1220 1867 1378 1933 duntaxat

424 1994 496 2055 quae
522 1969 651 2034 mobilia
671 1980 756 2045 sunt,
774 1968 967 2053 dispensatio
983 1961 1151 2034 verborum
1171 1970 1372 2043 admittitur;

422 2071 469 2136 ita
483 2084 588 2136 tamen
612 2085 646 2135 ut
663 2071 918 2155 compensatione
941 2071 1116 2137 honestatis
1137 2084 1193 2137 aut
1215 2072 1374 2151 utilitatis,

422 2194 510 2237 mens
525 2172 603 2257 legis
618 2172 741 2255 integra
755 2188 970 2238 conservetur.
1010 2175 1077 2239 Nec
1091 2174 1242 2255 elevetur,
1257 2174 1374 2260 inquit,

420 2296 475 2339 cor
488 2274 559 2358 ejus
574 2273 606 2336 in
623 2272 814 2358 superbiam,
826 2296 922 2359 super
936 2274 1050 2341 fratres
1065 2298 1147 2341 suos.
1178 2275 1274 2353 Quod
1288 2299 1370 2362 prae-

418 2378 515 2461 cipue
529 2373 738 2439 necessarium
754 2385 812 2449 est,
825 2375 943 2459 saepius
958 2374 1101 2461 replicat,
1113 2398 1151 2440 eo
1165 2376 1253 2461 quod
1266 2376 1372 2441 humi·

418 2474 492 2541 litas
506 2497 668 2561 nunquam
688 2475 763 2538 satis
778 2474 905 2539 videtur
926 2477 1149 2542 commendata
1162 2477 1370 2563 principibus,

417 2594 449 2651 et
470 2576 692 2642 difficillimum
714 2589 762 2641 est
785 2589 820 2641 ut
844 2576 960 2661 gradus
982 2577 1112 2645 honoris
1133 2591 1287 2645 tumorem
1305 2601 1369 2644 non

416 2683 520 2769 pariat
535 2682 568 2745 in
583 2682 687 2772 animo
702 2681 922 2767 imprudentis.
955 2682 1108 2767 Superbis
1123 2681 1235 2767 utique
1249 2683 1369 2747 resistit

416 2788 517 2862 Deus,
539 2797 572 2850 et
595 2784 770 2849 humilibus
792 2784 849 2847 dat
870 2784 1016 2869 gratiam.
1062 2784 1202 2848 Proinde
1224 2808 1277 2849 rex
1297 2799 1367 2850 orat

415 2910 455 2951 ue
469 2890 575 2952 veniat
594 2888 622 2952 ei
638 2909 694 2974 pes
714 2886 884 2972 superbiae‚
899 2887 976 2972 quia
998 2887 1029 2949 in
1046 2909 1084 2950 eo
1105 2887 1298 2968 ceciderunt,
1313 2888 1367 2974 qui

413 3002 587 3075 operantur
611 2988 823 3072 iniquitatem,
848 2988 973 3073 expulsi
999 3000 1085 3065 sunt,
1108 3011 1166 3054 nec
1192 3002 1365 3074 potuerunt

413 3102 505 3156 stare.
540 3093 613 3155 Non
626 3090 738 3175 utique
749 3088 914 3174 superbiat
927 3111 1024 3175 super
1037 3089 1152 3153 fratres
1165 3112 1173 3163 ;
1197 3090 1251 3154 sed
1265 3114 1365 3177 quum

410 3194 542 3260 fratrum
566 3194 753 3268 meminerit,
770 3192 947 3257 fraternum
971 3192 1123 3279 subjectis
1144 3193 1292 3257 omnibus
1306 3194 1364 3257 im-

410 3297 529 3383 pendat
545 3297 703 3360 affectum.
749 3298 793 3360 Et
809 3294 940 3379 quidem
961 3295 1136 3381 prudenter
1151 3296 1363 3361 humilitatem

409 3421 480 3463 eum
505 3397 692 3463 discretione
714 3411 746 3460 et
768 3398 901 3463 caritate
924 3397 1034 3463 indicit
1057 3398 1264 3485 principibus,
1287 3400 1364 3485 quia

409 3500 474 3564 siue
499 3500 569 3567 istis
593 3502 720 3564 omnino
746 3500 916 3565 subsistere
939 3523 1002 3564 non
1029 3514 1134 3586 potest
1156 3503 1363 3587 principatus.

409 3602 563 3686 Quisquis
594 3625 670 3685 ergo
698 3602 835 3687 gradum
866 3603 1005 3688 propriae
1041 3601 1238 3667 celsitudinis
1266 3617 1364 3681 amat,

406 3700 594 3767 humilitatis
609 3703 730 3767 cultum
746 3703 778 3767 in
795 3704 973 3768 minoribus
988 3702 1230 3787 diligentissime
1245 3716 1360 3768 teneat.

405 3805 488 3868 Nam
506 3803 561 3890 qui
573 3804 614 3867 ab
630 3804 821 3870 humilitatis
838 3804 989 3889 operibus
1013 3803 1146 3884 recedit,
1160 3826 1179 3865 a
1194 3803 1360 3886 dignitatis

404 3932 470 3974 suae
491 3907 631 3992 fastigio,
656 3908 790 3972 tumoris
811 3905 952 3992 pondere
974 3904 1069 3969 cadit.
1115 3904 1249 3968 Obtinet
1274 3908 1357 3970 enim

402 4018 568 4093 perpetuo,
590 4008 667 4091 quia
690 4006 747 4091 qui
771 4029 804 4069 se
829 4004 975 4070 humiliat
1001 4003 1208 4079 exaltabitur,
1233 4019 1265 4071 et
1290 4006 1358 4069 vice

403 4130 504 4187 versa,
518 4108 573 4193 qui
592 4131 624 4171 se
640 4111 760 4172 exaltat
772 4108 980 4195 deprimetur.
1009 4108 1131 4193 Regem
1144 4110 1361 4173 Romanorum

401 4209 612 4274 novissimum
630 4208 843 4294 Tarquinium
867 4210 943 4275 fecit
958 4232 1025 4275 esse
1048 4209 1207 4296 superbia,
1222 4223 1254 4276 et
1275 4212 1304 4275 ei
1319 4212 1361 4277 ab

396 4310 583 4376 humilitate
610 4311 712 4396 magis
737 4316 928 4378 necessarios
958 4313 1121 4381 substituit
1147 4313 1362 4399 magistratus.
