3384 5234
315 690 385 735 cne.
401 673 447 752 v.]
675 688 930 734 eonrcuamcus.
1210 677 1268 735 173

317 840 453 904 hominis
467 838 523 925 qui
540 838 570 902 iu
587 838 657 926 ipso
672 852 729 903 est.
775 840 872 904 Unde
892 838 978 924 apud
997 839 1166 923 Virgilium
1182 825 1266 904 com-

313 962 371 1025 pos
393 939 442 1003 sui
464 953 584 1026 pastor,
599 952 631 1004 et
654 940 850 1026 sapientibus
871 952 903 1005 et
927 944 1047 1025 magnis
1070 940 1144 1005 viris
1167 940 1265 1005 nostri

316 1041 467 1127 temporis
481 1040 615 1117 doctior,
630 1041 687 1117 ait,

664 1158 713 1211 Me
725 1175 825 1227 quoque
838 1159 936 1225 dicunt,

419 1245 518 1298 Vatem
528 1250 646 1317 pastores
651 1264 658 1308 ;
677 1244 723 1296 sed
735 1262 786 1297 non
800 1263 850 1311 ego
862 1246 981 1299 credulus
992 1245 1053 1299 illis.

420 1330 463 1383 Tu
475 1349 578 1399 quoque
590 1331 697 1401 praeviso
709 1331 730 1381 si
744 1329 827 1400 palles
839 1332 954 1403 improbe
966 1350 1080 1395 nummo,

423 1416 451 1467 Si
463 1415 536 1480 facis,
548 1419 575 1468 in
587 1434 680 1488 penem
692 1417 813 1486 quicquid
824 1417 873 1468 tibi
885 1419 958 1469 venit
969 1435 1094 1470 amorum.

319 1528 411 1593 Licet
436 1542 468 1592 te
494 1540 560 1591 tota
582 1527 696 1592 vicinia
718 1528 898 1593 modestum
924 1529 1021 1609 dicat,
1043 1553 1079 1593 ac
1103 1529 1270 1615 pudicum,

319 1631 448 1694 minime
465 1631 514 1693 vel
525 1630 708 1716 jurantibus
726 1631 844 1694 credas.
892 1632 1079 1696 Memoriter
1094 1645 1165 1697 tene
1180 1632 1269 1717 quod

319 1732 475 1817 parvulus
490 1731 638 1813 didicisti,

425 1850 491 1904 Plus
502 1851 561 1904 aliis
573 1851 605 1904 de
617 1857 653 1917 te,
665 1869 742 1920 qnam
755 1856 783 1904 tu
795 1851 844 1903 tibi
856 1851 970 1916 credere,
982 1852 1044 1904 noli.

323 1956 396 2018 Non
409 1955 500 2020 facile
515 1954 662 2032 dixerim,
675 1968 746 2020 uter
758 1955 798 2019 sit
811 1957 897 2040 prior
912 1956 944 2018 in
958 1954 1046 2031 vitio,
1059 1956 1116 2041 qui
1131 1955 1270 2041 linguam

320 2056 559 2121 adulationibus
580 2056 706 2143 polluit,
722 2068 779 2121 aut
795 2056 888 2141 cujus
908 2080 963 2122 cor
984 2081 1023 2121 ex
1039 2058 1083 2121 eis
1098 2081 1130 2121 se
1145 2060 1177 2123 iu
1194 2059 1273 2124 laeti-

322 2157 396 2223 tiam
413 2158 551 2223 resolvit.
583 2160 639 2222 'lu
654 2158 714 2222 hoc
735 2158 817 2223 enim
833 2156 977 2223 elationis
991 2159 1135 2234 caecitas3
1159 2160 1191 2224 in
1206 2161 1274 2241 illo,

320 2259 407 2324 fraus
430 2260 611 2324 excaecandi
633 2260 814 2325 damnatur.
862 2259 992 2347 Ubique
1008 2283 1083 2324 vero
1103 2262 1273 2327 damnatur

322 2360 426 2437 dolus,
442 2361 496 2425 sed
517 2373 548 2426 et
572 2360 710 2437 caecitas,
731 2382 802 2446 quae
825 2360 1012 2446 asuperbia
1034 2375 1093 2438 est,
1114 2385 1273 2449 nusquam

322 2462 508 2528 absolvitur.
554 2467 636 2529 Esto
651 2463 738 2549 quod
755 2460 904 2527 adulator
920 2464 959 2525 sit
975 2465 1120 2548 nequior,
1137 2464 1196 2529 iste
1211 2489 1273 2529 non

323 2564 428 2628 minus
443 2564 667 2630 contemtibilis
687 2580 744 2628 est.
793 2564 861 2626 Neo
884 2575 1051 2648 caperetur
1072 2563 1191 2649 linguae
1207 2578 1274 2629 ten-

323 2665 437 2731 diculis
462 2666 584 2744 alienae,
609 2666 634 2730 si
661 2689 722 2730 non
747 2664 948 2730 blandiretur
976 2663 1043 2750 ipse
1073 2665 1142 2729 sibi.
1188 2666 1274 2742 Quid

280 2848 282 2852 ἲ
323 2769 432 2853 itaque
445 2767 542 2832 aliurn
558 2765 662 2856 ar'guit
679 2766 883 2845 adulationis,
894 2767 949 2853 qui
962 2765 1089 2831 sibimet
1104 2766 1273 2832 adulatur?

327 2871 367 2932 ln
397 2893 462 2955 quo
491 2870 572 2933 enim
610 2870 708 2935 aliurn
738 2882 879 2946 accusat,
909 2869 1045 2955 seipsum
1076 2869 1275 2935 condemnat.

325 2972 447 3036 Eadem
463 2972 546 3036 enim
561 2973 649 3051 facit,
660 2996 732 3059 quae
743 2971 880 3058 judicat.
912 2972 979 3050 Vae,
989 2970 1092 3055 inquit
1105 2971 1275 3048 Dominus,

325 3076 379 3161 qui
404 3088 561 3139 consuunt
586 3074 738 3161 pulvillos
760 3073 819 3138 sub
845 3073 931 3137 omni
961 3072 1070 3136 cubito
1095 3095 1219 3149 manus,
1244 3085 1275 3138 et

324 3189 448 3262 ponunt
463 3176 627 3241 cervicalia
643 3177 704 3241 sub
719 3176 823 3262 capite
839 3174 992 3239 universae
1008 3174 1120 3239 aetatis.
1153 3174 1277 3258 Utique

324 3277 474 3363 pulvillos
495 3290 666 3358 consuunt,
690 3277 745 3365 qui
766 3276 897 3342 auribus
918 3289 1032 3363 parant
1055 3276 1196 3352 iusidias,
1219 3276 1277 3361 qui

324 3401 406 3443 vana
421 3392 453 3443 et
469 3379 576 3443 mollia
597 3392 782 3465 congerunt,
800 3379 918 3465 quibus
933 3401 1043 3443 sensus
1065 3377 1277 3458 demulceant,

326 3482 381 3568 qui
403 3503 500 3566 opera
521 3482 741 3546 commendant
760 3481 938 3559 hominum,
955 3495 991 3545 ut
1015 3504 1067 3544 eos
1086 3481 1180 3545 famae
1196 3503 1277 3567 prae-

327 3582 435 3657 cuniis,
452 3595 484 3645 et
500 3583 637 3669 quadam
654 3585 743 3648 suavi
759 3580 965 3671 jucunditate
979 3583 1110 3661 favoris,
1124 3583 1277 3650 inducant

327 3682 367 3747 ad
389 3682 539 3768 quietem.
586 3683 675 3748 Usus
694 3683 777 3747 enim
795 3683 971 3769 pulrinaris
992 3697 1023 3749 et
1044 3685 1217 3765 cervicalis,
1231 3699 1278 3750 est

327 3784 478 3849 mollicies
508 3784 633 3871 quietis.
688 3784 842 3849 Pulvinar
867 3806 943 3868 ergo
972 3784 1031 3849 sub
1054 3787 1141 3849 omni
1170 3786 1280 3850 cubito

327 3909 439 3951 manus
454 3889 594 3973 ponitur,
609 3887 740 3973 quando
755 3908 817 3949 non
842 3884 937 3950 modo
951 3887 1105 3972 operatio,
1120 3888 1174 3952 sed
1191 3888 1280 3974 quic-

327 3990 404 4074 quid
421 3992 450 4053 ei
466 3990 589 4075 adjacet
605 3988 854 4053 commendatur.
886 3989 994 4073 Caput
1010 3992 1161 4053 universa
1176 3989 1280 4053 aetatis

327 4092 474 4157 cervicali
498 4090 736 4178 superponitur,
757 4090 833 4155 dum
855 4089 928 4175 quis
950 4088 1147 4155 adulantium
1165 4091 1278 4166 verbis,

328 4192 360 4258 in
384 4194 482 4258 totius
506 4194 579 4259 vitae
601 4192 752 4278 operibus
773 4190 963 4255 delectatur.
1008 4192 1053 4254 Et
1076 4190 1169 4254 alibi:
1203 4192 1280 4276 lpse

329 4293 506 4358 aedificabat
521 4296 686 4382 parietem,
702 4293 748 4356 illi
772 4305 879 4356 autem
896 4289 1048 4353 liniebant
1063 4312 1146 4353 euru.
1193 4291 1281 4353 Pari-
