3384 5234
418 665 460 723 Aa
683 674 821 720 massas
833 672 1112 720 mamasmassrs
1245 656 1326 735 [sm
1343 677 1366 719 1.

415 824 632 913 egrederetur,
647 838 819 910 antequam
839 823 987 889 inchoata
1008 824 1123 889 finiret.
1169 824 1237 887 Nec
1257 848 1368 910 quem-

414 948 509 1013 quem
525 926 634 1013 egredi
650 950 688 989 eo
702 937 851 989 cantante
862 925 987 991 licitum
1000 940 1079 990 erat.
1109 926 1207 991 Unde
1221 926 1368 1012 plerique

414 1029 520 1093 affecti
547 1028 645 1092 tedio
668 1026 833 1101 audiendi,
860 1026 1008 1092 simulato
1036 1026 1148 1092 funere
1176 1027 1252 1091 elati
1281 1041 1367 1093 suut.

416 1128 540 1194 Milites
566 1150 708 1215 quoque,
734 1127 793 1191 nisi
822 1127 886 1191 alio
915 1129 1011 1192 rerba
1038 1128 1278 1214 pronunciante,
1303 1151 1368 1192 nou

415 1228 618 1315 appellabat;
644 1251 703 1293 uec
716 1227 833 1313 agebat
852 1227 1026 1313 quicquam
1042 1229 1135 1305 serio,
1148 1231 1274 1314 jocove,
1287 1228 1368 1313 quin

415 1329 595 1416 phonascus
622 1330 776 1410 adstaret,
800 1329 860 1416 qui
887 1352 962 1395 eum
992 1333 1059 1396 suis
1086 1332 1212 1397 arteriis
1239 1352 1369 1416 paruere

415 1430 608 1500 hortaretur.
656 1433 951 1497 Instrumentorum
981 1452 1111 1518 quoque
1139 1432 1371 1498 curiosissimus

415 1546 496 1610 erat,
508 1547 544 1599 ut
559 1556 669 1599 eorum
681 1534 828 1621 peritiam
840 1532 912 1598 aliis
922 1534 1091 1614 invideret,
1100 1534 1181 1599 adeo
1193 1547 1229 1598 ut
1240 1533 1372 1620 publico

417 1635 598 1700 testimonio
612 1658 645 1699 se
660 1634 883 1720 cytharoedam
900 1635 1074 1720 principem
1090 1635 1246 1719 gauderet
1261 1632 1370 1720 appel·

380 1718 387 1732 '
418 1732 486 1799 aa.
517 1735 614 1801 unae
629 1734 727 1801 illua:

662 1850 947 1922 Cytharoedoprinripe
957 1856 1034 1903 asma

523 1935 637 1992 Nobilis,
667 1934 736 1988 Haeo
747 1935 815 1989 ultra
826 1936 901 1988 nobis
912 1936 975 2005 qnid
986 1936 1037 1988 erit
1047 1935 1098 1987 nisi
1109 1934 1204 1989 ludus?

419 2037 459 2101 In
486 2048 576 2101 tanta
599 2057 732 2123 quoque
758 2036 840 2100 mole
865 2037 989 2122 imperii
1012 2057 1137 2103 omnem
1163 2057 1296 2121 perosus
1321 2049 1370 2100 est

418 2136 620 2223 gravitatem.
644 2136 880 2222 Philosophiam
891 2160 1084 2223 persequens
1095 2137 1186 2222 quasi
1197 2135 1371 2221 majestatis

417 2237 542 2323 imperii
556 2237 726 2316 inimicam,
742 2250 774 2304 et
790 2238 945 2303 nobiliora
959 2239 1087 2324 ingenia
1101 2240 1235 2318 veritus,
1248 2259 1281 2299 se
1295 2258 1369 2298 oon·

419 2338 496 2403 siliis
519 2339 663 2405 subdidit
687 2339 889 2417 histrionum,
909 2363 1047 2429 quorum
1068 2339 1135 2426 ipse
1156 2361 1218 2404 non
1239 2337 1369 2401 erubuit

418 2439 651 2529 turpitudinem
667 2464 823 2507 exercere.
855 2441 942 2506 Hinc
955 2441 1038 2506 illud

523 2556 602 2619 Quod
613 2575 665 2610 non
676 2558 741 2611 dant
750 2575 877 2629 proceres,
889 2558 963 2611 dabit
973 2558 1074 2611 histrio.

420 2659 528 2735 Quum
545 2642 624 2722 vero
641 2672 722 2724 esset
745 2658 888 2724 omnium
903 2657 1116 2737 avarissimus,
1132 2657 1211 2721 adeo
1234 2671 1269 2722 ut
1289 2656 1370 2720 nulli

419 2758 635 2845 quodcunque
656 2759 795 2826 officium
818 2760 990 2846 delegaret,
1011 2760 1089 2848 quin
1112 2771 1371 2844 prosequeretur,

419 2860 514 2925 Nosti
536 2860 616 2947 quid
633 2861 712 2927 mihi
732 2884 815 2948 opus
830 2862 891 2936 sit;
919 2873 975 2926 aut
997 2860 1078 2926 illud
1102 2860 1284 2947 subjiceret,
1306 2858 1371 2933 Qui

419 2960 567 3026 omnibus
581 2976 709 3047 praeest,
721 2963 867 3027 omnibus
881 2960 1022 3044 indiget:
1044 2972 1150 3026 tamen
1164 2959 1373 3023 histrionibus

420 3072 451 3124 et
467 3060 571 3125 mimis
592 3062 744 3147 pecunias
763 3062 903 3127 infinitas
923 3083 1054 3147 erogare
1077 3083 1141 3125 non
1160 3060 1373 3143 gravabatur;

420 3161 572 3246 singulos,
587 3177 683 3248 prout
698 3164 837 3251 quisque
856 3163 1032 3251 placuerat,
1048 3161 1249 3249 amplissimae
1270 3161 1373 3247 digni·

421 3262 496 3327 tatis
505 3262 631 3327 nomine
646 3265 853 3343 subornabat,
863 3263 942 3327 alios
954 3265 1114 3348 patricios,
1124 3263 1204 3327 alios
1215 3275 1374 3327 senatores

420 3361 537 3427 dicens.
591 3363 663 3427 Hos
691 3361 863 3426 illustrium
900 3362 1161 3448 spectabiliumve
1191 3359 1375 3427 nominibus

421 3460 613 3526 illustrabat.

452 3688 532 3772 Cap.
550 3693 580 3752 8.
603 3690 655 3753 De
669 3690 907 3765 Histrions'bus,
923 3699 954 3755 et
969 3691 1095 3769 Μίνηὶε,
1110 3697 1142 3755 et
1161 3690 1348 3772 Prodigiu-

831 3792 960 3856 toribus.

465 3942 547 4005 EUM
572 3964 647 4005 vero
669 3941 775 4005 adbuc
797 3940 897 4027 aliqui
922 3964 979 4028 pro
1001 3954 1091 4028 parte
1113 3939 1291 4014 imitantur,
1314 3937 1373 4000 etsi

421 4041 567 4107 fmditate
586 4043 671 4109 illius
694 4065 786 4107 nemo
799 4043 953 4129 dignetur
974 4042 1106 4118 involvi,
1121 4062 1223 4125 quum
1237 4038 1373 4123 gratiam

423 4166 509 4209 suam
533 4144 741 4209 histrionibus
761 4155 793 4209 et
817 4147 922 4209 mimis
944 4144 1037 4208 multi
1059 4142 1267 4227 prostituant,
1289 4151 1321 4204 et
1340 4140 1373 4203 in

422 4245 601 4311 exbibenda
612 4244 731 4310 malitia
746 4268 856 4311 eorum
872 4268 955 4310 caeca
966 4243 1104 4331 quadam
1120 4255 1151 4306 et
1163 4240 1374 4307 contemtibili
