3384 5234
376 668 446 713 cre.
463 652 524 731 1v.]
714 668 966 715 votvcnarrcus.
1285 658 1328 715 29

375 823 477 885 maris
492 822 532 885 de
552 821 736 907 {equissimo
750 823 823 905 jure
842 823 1014 902 Quiritum,
1028 843 1133 889 rerum
1147 826 1198 887 rel
1214 826 1325 889 salutis

374 924 544 1007 utrobique
566 923 774 1008 dispendium
789 920 942 986 imminet.
988 923 1023 986 Si
1039 936 1223 987 venatorum
1240 926 1326 1009 quis·

374 1024 459 1106 piam
486 1036 682 1107 pertranseat
707 1023 788 1087 fines
817 1034 901 1097 tuos,
926 1024 968 1100 ei,
995 1046 1068 1107 quae
1098 1023 1184 1087 domi
1213 1026 1326 1100 habes,

374 1124 598 1190 incunctanter
627 1138 661 1190 et
688 1137 867 1189 reverenter
895 1146 1033 1209 expone,
1059 1126 1213 1211 quodque
1237 1126 1326 1190 domi

373 1247 437 1289 non
461 1239 520 1306 est,
535 1239 567 1292 et
588 1228 688 1291 habet
703 1227 838 1304 ricinus,
860 1226 893 1290 in
918 1248 995 1289 usus
1016 1226 1103 1290 illius
1126 1248 1208 1305 eme,
1222 1249 1263 1292 ne
1285 1249 1328 1293 ex

373 1328 473 1393 edicti
485 1331 617 1393 licentia
631 1341 687 1394 tua
701 1329 822 1392 auferat
836 1330 887 1391 vel
901 1328 1012 1407 inrito,
1023 1341 1056 1392 et
1070 1327 1110 1391 de
1125 1330 1327 1395 irreverentia

374 1439 407 1494 et
432 1442 619 1515 contemptu
642 1431 766 1513 cogaris
788 1431 823 1492 in
846 1431 991 1493 centuria
1013 1442 1069 1494 ant
1092 1430 1159 1494 t'oro
1180 1430 1328 1515 praesidis

375 1533 426 1594 vel
440 1532 652 1615 proconsulis,
667 1540 722 1596 aut
740 1532 874 1595 fortusse
888 1532 921 1591 in
938 1531 1091 1609 concilio,
1104 1533 1191 1596 laesae
1210 1533 1326 1615 mejes-

375 1634 451 1697 tatis
466 1633 596 1697 reddere
612 1635 778 1697 rationem.
822 1632 1028 1695 Protenditur
1041 1631 1159 1696 etenim
1175 1634 1326 1717 patrimo·

375 1734 464 1797 nium
480 1734 561 1813 fisci,
576 1734 651 1798 dum
666 1734 706 1799 de
721 1736 828 1799 alieno
851 1755 1044 1819 quacunque
1066 1734 1188 1799 ratione
1203 1735 1326 1800 familia

376 1846 537 1919 sumptum
549 1835 634 1899 iacit.
656 1838 776 1899 Verum
787 1857 828 1898 ne
840 1835 1016 1899 venaticam
1027 1836 1146 1899 etalias
1157 1837 1324 1901 curialium

375 1958 487 2019 nugas,
507 1959 572 2000 non
597 1947 664 2000 tam
683 1936 812 2023 judicio
837 1957 936 2021 quam
958 1936 1033 2000 odio
1057 1937 1149 2001 stilus
1174 1938 1324 2022 persequi

374 2040 525 2115 videatur,
541 2062 611 2103 eam
634 2038 894 2104 indifferentibus
916 2038 1207 2104 connumerandam
1229 2040 1324 2104 facile

372 2140 538 2223 libensque
555 2139 733 2217 consentio,
748 2139 810 2202 nisi
826 2139 904 2222 quia
925 2138 1134 2204 immoderato
1149 2141 1324 2225 voluptatis

373 2242 512 2320 incursu,
534 2244 656 2306 virilem
680 2243 822 2305 animum
845 2241 1003 2319 concutit,
1027 2252 1060 2305 et
1082 2242 1324 2307 fundamentum

373 2344 526 2407 snbvertit
549 2344 691 2407 rationis.
737 2344 814 2405 Non
839 2353 945 2406 tamen
970 2344 1012 2406 ob
1038 2344 1099 2408 boc
1125 2345 1185 2409 erit
1207 2365 1323 2429 usque·

373 2466 499 2530 quaque
511 2445 695 2529 culpabilis,
703 2466 801 2529 quum
818 2456 850 2508 et
858 2445 979 2524 vinnm,
988 2445 1076 2529 quod
1091 2446 1237 2527 inebriat,
1246 2448 1323 2510 sub-

372 2548 526 2611 versionis
550 2550 678 2632 culpam
701 2558 882 2630 retorqueat
904 2549 938 2612 iu
961 2549 1138 2622 bibentem,
1165 2561 1198 2613 et
1223 2570 1322 2613 senex

371 2669 455 2732 saepe
478 2669 543 2711 non
566 2658 630 2712 tam
654 2649 769 2724 aetatis,
791 2669 889 2730 quam
911 2669 970 2711 suo
986 2648 1074 2727 vitio,
1096 2669 1227 2711 sensum
1248 2670 1322 2732 pro·

370 2746 448 2809 ferat
468 2748 632 2829 puerilem.
677 2749 789 2812 Potest
811 2749 909 2831 igitur
923 2748 1070 2812 venatica
1091 2769 1161 2812 esse
1183 2748 1270 2812 utilis
1290 2759 1323 2811 et

370 2848 524 2925 honesta3
554 2850 611 2913 sed
638 2872 680 2914 ex
703 2853 786 2929 loco,
813 2861 968 2935 tempore,
991 2849 1099 2928 modo,
1121 2871 1268 2933 persona,
1290 2860 1323 2914 et

371 2970 476 3013 causa.
522 2952 664 3016 Persona
685 2974 823 3037 namque
840 2961 987 3015 venustet
1002 2950 1155 3027 studium,
1171 2951 1248 3015 dum
1263 2973 1322 3015 suo

370 3052 488 3116 insistit
500 3054 605 3116 officio
622 3062 655 3117 et
669 3075 733 3117 non
750 3054 893 3137 praeripit
903 3053 1054 3115 alienum.
1085 3053 1116 3115 N
1119 3073 1155 3116 ec
1172 3052 1322 3136 estquod

370 3175 562 3239 quemquam
584 3156 686 3238 magis
709 3156 833 3228 deceat,
856 3176 952 3239 quam
975 3152 1063 3236 quod
1084 3154 1191 3217 officio
1214 3153 1320 3238 cujus·

370 3277 431 3339 que
446 3257 548 3339 magis
563 3256 809 3321 accommodum¹
828 3267 886 3319 est.
931 3256 1088 3319 Praeclare
1103 3254 1262 3337 siquidem
1277 3257 1322 3319 ait

369 3354 514 3435 Ethicus,
536 3359 732 3438 singularum
756 3378 961 3442 personarum
985 3356 1103 3421 decora
1124 3356 1322 3435 describens,

370 3457 410 3519 Id
433 3478 691 3543 unumquemque
712 3459 807 3523 decet
824 3460 975 3535 maxime,
992 3458 1080 3543 quod
1098 3470 1147 3524 est
1166 3460 1321 3545 cujusque

368 3559 518 3622 maxime.
573 3561 660 3632 Quid
689 3583 764 3643 ergo
795 3561 876 3624 mihi
904 3573 936 3624 et
971 3562 1030 3623 tibi
1059 3583 1133 3625 cnm
1163 3563 1322 3627 venatoris

367 3661 585 3743 professione?
624 3662 689 3726 Sua
704 3684 843 3745 namque
864 3662 1009 3743 neglecta
1027 3663 1246 3746 turpissimum
1261 3673 1321 3741 est,

367 3783 526 3848 quemque
541 3764 715 3828 studiosius
737 3765 770 3826 in
793 3764 899 3828 aliena
914 3764 1039 3827 versari.
1084 3763 1171 3836 Quid
1193 3766 1223 3828 ei
1247 3784 1321 3828 eum

366 3866 489 3948 privato
519 3876 552 3931 et
579 3867 740 3931 rusticano
777 3867 912 3931 fortasse
948 3866 1064 3945 studio,
1096 3867 1151 3951 qui
1180 3868 1321 3950 publicar

368 3968 565 4032 auctoritatis
585 3968 767 4051 insignibus
790 3966 912 4050 fulget?
943 3969 1068 4032 Ducem
1092 3977 1243 4052 sequatur
1262 3989 1321 4052 po·

367 4069 473 4148 pulus,
498 4070 612 4135 doctor
638 4070 774 4135 seminet
803 4067 1017 4155 disciplinam,
1042 4068 1148 4155 judex
1177 4077 1322 4133 coerceat

367 4166 605 4254 delinquentes,
621 4172 780 4236 studiosos
801 4180 981 4236 remuneret
1001 4170 1199 4250 indulgentia
1214 4176 1319 4253 potes·
