3384 5234
335 723 406 767 cae.
420 703 542 782 xxvia]
684 721 938 766 ronrcnnrrcns.
1228 712 1286 770 137

334 895 451 937 casum.
496 871 600 936 Patris
621 893 751 956 quoque
775 870 944 958 parricidae
969 870 1160 934 desiderium
1185 873 1285 937 adim-

334 960 451 1059 pletur,
475 972 552 1036 dum
576 972 690 1035 fratres
712 973 814 1057 impii,
838 972 958 1057 quibus
984 973 1175 1058 imprecatus
1196 987 1286 1059 opta-

335 1086 435 1152 verat,
460 1089 496 1139 ut
521 1074 606 1138 ferro
630 1073 754 1158 generis
777 1073 934 1137 consortia
957 1073 1140 1149 dissilirent,
1164 1076 1286 1140 mutuis

335 1174 522 1239 vulneribus
538 1185 684 1260 pereunt,
701 1185 732 1237 et
748 1172 877 1236 alternis
896 1173 1011 1255 gladiis
1033 1187 1287 1260 prosternuntur.

337 1279 467 1342 Croesus
489 1276 626 1339 maxima
650 1297 756 1358 regna,
781 1273 806 1337 si
828 1273 938 1358 Halyn
959 1274 1223 1358 transgrediatur,
1247 1275 1287 1340 de

336 1379 535 1442 oraculorum
547 1378 610 1441 fide
623 1377 683 1441 sibi
696 1376 876 1462 subjectum
888 1376 927 1439 iri
939 1376 1080 1442 confidit.
1113 1376 1173 1440 Sed
1186 1401 1286 1464 quum

337 1505 387 1545 res
416 1481 448 1544 in
477 1482 671 1545 contrarium
697 1478 835 1553 cesserit,
862 1478 959 1543 fallax
988 1479 1107 1565 Apollo
1133 1503 1165 1543 se
1195 1482 1288 1547 unius

338 1582 462 1646 verbuli
480 1582 741 1668 aequivocatione,
756 1579 891 1645 absolvit
907 1581 948 1644 ab
964 1580 1084 1644 invidia
1105 1584 1287 1649 mentiendi.

340 1682 424 1760 Quid
448 1682 614 1767 Pyrrhus?
654 1681 808 1748 Romanis
831 1681 935 1757 victis,
958 1703 1041 1766 quos
1063 1705 1146 1767 saepe
1167 1682 1199 1745 in
1222 1684 1289 1747 acie

339 1784 458 1849 virtute
473 1784 612 1861 fuderat,-
628 1784 780 1848 beneficio
801 1782 917 1847 Phoebi
938 1782 998 1846 sibi
1020 1784 1177 1867 promittit
1192 1784 1290 1871 impe-

339 1886 433 1962 rium,
458 1885 512 1949 sed
536 1885 782 1972 irreparabiliter
801 1897 931 1962 stratus,
951 1883 983 1946 in
1002 1884 1138 1970 seipsum
1162 1888 1289 1952 retorsit

340 1985 477 2073 culpam,
502 1986 560 2073 qui
590 1985 858 2072 amphibologiam
885 1984 1006 2048 oraculi
1036 1986 1140 2051 minus
1171 1987 1291 2052 utiliter

338 2088 504 2154 intellexit.
543 2088 598 2152 Ad
615 2087 754 2153 notiores
769 2099 947 2152 transeatur
962 2086 1119 2153 historias.
1165 2093 1290 2176 Appius

339 2212 438 2275 quum
451 2191 545 2254 unica
561 2203 593 2253 et
609 2189 777 2272 singularis
791 2189 892 2252 civilis
907 2187 982 2252 belli
998 2202 1169 2274 tempestas
1183 2191 1288 2255 orbem
1321 2249 1325 2254 .

338 2303 530 2371 concuteret,
546 2290 681 2355 docente
705 2290 828 2353 Phoebo
841 2292 874 2353 in
891 2289 960 2352 sinu
986 2290 1130 2354 Euboico
1150 2292 1289 2377 quietem

339 2394 466 2478 quaerit,
475 2406 507 2456 et
523 2404 657 2456 mortem
671 2391 800 2456 invenit.
833 2390 1007 2456 Oraculum
1019 2392 1149 2476 quidem
1162 2405 1291 2458 auctore

340 2494 473 2557 Lucano
487 2493 610 2557 celebre
624 2502 689 2556 est:

478 2619 582 2687 Effugis
593 2620 714 2687 ingentes
726 2621 792 2672 tanti
805 2620 959 2673 discriminis
971 2638 1064 2693 expers

479 2704 621 2769 Bellorum,
635 2706 762 2770 Romane,
774 2707 867 2771 minas,
879 2706 998 2775 solusque
1011 2708 1124 2776 quietem

480 2790 590 2842 Euboici
600 2789 691 2843 lateris
702 2791 789 2843 media
801 2791 916 2844 convalle
928 2793 1037 2845 tenebis.

344 2899 404 2964 Sed
421 2922 461 2963 ne
475 2900 622 2966 falsitatis
644 2915 720 2968 nota
742 2903 775 2966 in
797 2904 945 2967 historias
965 2927 1027 2967 non
1043 2902 1169 2967 oracula
1186 2903 1293 2966 reiun-

341 3002 449 3079 datur,
479 3004 639 3081 canonica,
664 3016 697 3069 et
726 3004 778 3068 cui
808 3005 888 3070 fides
911 3006 1079 3069 incolumis
1108 3004 1289 3089 acquiescit,

341 3105 531 3170 discutiatur
560 3104 700 3170 historia.
757 3108 833 3171 Saul
859 3111 890 3170 in
919 3120 1089 3191 tyranuum
1117 3128 1224 3170 versus
1249 3128 1290 3170 ex

341 3204 603 3292 principe‚quum
613 3206 817 3290 exigentibus
828 3205 1195 3292 culpisessetaDomino
1204 3206 1293 3269 dere-

341 3306 446 3384 lictus,
463 3321 495 3371 et
512 3308 664 3372 adversus
679 3313 835 3395 populum
852 3309 994 3390 Domini,
1009 3330 1047 3372 eo
1061 3308 1143 3372 duce
1158 3307 1290 3371 invales-

343 3421 428 3473 ceret
453 3430 565 3473 manus
591 3409 725 3488 hostilis,
751 3409 893 3474 solicitus
918 3408 1025 3473 fractis
1049 3409 1146 3474 rebus
1168 3408 1290 3473 exitum

344 3510 537 3596 inquirebat.
583 3511 753 3576 Consuluit
779 3535 857 3597 ergo
884 3511 1070 3591 Dominum,
1095 3523 1128 3576 et
1154 3534 1216 3576 non
1241 3534 1290 3576 re-

344 3610 472 3697 spondit
492 3615 533 3686 ei,
554 3634 658 3693 neque
679 3636 736 3699 per
757 3613 889 3687 somnia,
905 3635 1009 3700 neque
1027 3636 1084 3698 per
1104 3612 1292 3690 sacerdotes,

342 3735 447 3799 neque
466 3735 524 3798 per
541 3714 724 3801 propbetas.
770 3715 845 3777 Hoc
866 3726 970 3778 tamen
986 3715 1015 3777 ei
1029 3728 1104 3779 ante
1123 3713 1293 3778 denuncia-

342 3829 432 3880 verat
452 3816 592 3891 Samuel,
609 3814 686 3900 quia
707 3816 883 3881 Dominum
904 3815 1091 3901 poenitebat,
1107 3803 1194 3901 qirod
1217 3837 1291 3878 eum

342 3919 548 3983 constituerat
568 3940 687 4002 regem,
702 3942 739 3981 eo
762 3918 850 4002 quod
874 3940 935 3980 non
956 3917 1144 4004 impleverat
1159 3917 1292 3981 verbum

344 4020 485 4101 Domini,
496 4019 649 4083 suadente
660 4020 804 4099 avaritia,
816 4031 948 4105 parcens
961 4022 1058 4104 Agag
1073 4018 1139 4104 regi
1151 4019 1294 4105 pinguis·

344 4121 433 4194 simo,
456 4131 488 4181 et
510 4116 625 4201 opimis
650 4116 803 4201 gregibus
827 4116 933 4180 ovium
958 4129 990 4179 et
1012 4129 1238 4191 armentorum,
1261 4129 1293 4179 et

344 4219 496 4293 vestibus,
512 4230 544 4281 et
559 4216 722 4298 arietibus,
737 4229 768 4281 et
786 4216 951 4295 universis,
966 4238 1040 4300 qnae
1055 4215 1189 4299 pulchra
1203 4228 1293 4279 erant

345 4320 376 4379 in
387 4316 485 4381 oculis
496 4315 615 4401 populi.
647 4316 809 4403 Quicquid
823 4338 898 4379 vero
910 4316 971 4378 vile
981 4315 1054 4390 fnit,
1067 4328 1098 4379 et
1111 4314 1295 4399 reprobum,
