3384 5234
423 709 483 769 156
682 718 819 765 ioannis
834 718 1110 763 sanusnunmusrs
1238 700 1321 779 [cm.
1338 722 1376 766 rr.

421 870 501 937 nibil
516 869 593 933 mibi
608 882 785 956 appareret,
799 868 860 933 nisi
874 892 999 953 ungues
1014 880 1070 932 aut
1086 867 1198 952 pelvis,
1215 881 1247 932 et
1262 881 1376 934 caetera

421 995 497 1059 quae
518 985 612 1036 antea
634 993 794 1035 noveram.
854 969 983 1033 Exinde
1011 991 1088 1054 ergo
1116 969 1158 1033 ad
1188 969 1375 1056 hujusmodi

420 1073 545 1139 inutilis
568 1074 732 1160 judicatus
753 1095 835 1149 sum,
856 1084 888 1136 et
917 1075 1010 1157 quasi
1039 1071 1094 1158 qui
1126 1071 1276 1157 sacrilega
1305 1074 1375 1137 lraec

421 1176 620 1263 impedirem,
642 1198 682 1239 ne
706 1174 745 1238 ad
771 1173 849 1238 talia
872 1174 1052 1238 accederem
1079 1173 1319 1253 condemnatus,
1343 1188 1376 1239 et

422 1278 547 1363 quoties
577 1300 642 1341 rem
667 1277 748 1340 banc
778 1285 923 1339 exercete
952 1275 1165 1351 decreverant,
1196 1300 1257 1361 ego
1282 1277 1378 1362 quasi

425 1380 526 1445 totius
537 1379 741 1443 divinationis
752 1377 1016 1464 impedimentum
1026 1378 1166 1442 arcebar.
1190 1378 1241 1442 Sic
1250 1378 1328 1442 mihi
1344 1377 1376 1441 in

424 1479 992 1568 eaaetatepropitiatusestDominus.
1010 1482 1118 1553 Quum
1126 1480 1378 1565 veropaululum

423 1588 654 1671 processissem,
663 1582 820 1667 flagitium
830 1581 891 1645 boc
902 1581 1002 1665 magis
1014 1594 1046 1645 et
1057 1580 1158 1665 magis
1169 1581 1329 1656 exhorrui,
1345 1594 1376 1647 et

424 1711 463 1751 eo
487 1687 601 1752 fortius
627 1686 831 1750 confirmatus
853 1696 901 1748 est
923 1685 1033 1747 horror
1053 1706 1153 1761 mens,
1172 1685 1258 1769 quod
1276 1707 1375 1771 quum

423 1788 615 1876 specularios
640 1790 758 1851 multos
784 1799 862 1849 tunc
891 1787 1045 1861 noverim,
1071 1807 1179 1848 omnes
1204 1798 1376 1871 antequam

424 1890 605 1967 deficerent,
633 1900 689 1950 aut
719 1886 848 1951 defectu
878 1899 1013 1960 naturae,
1043 1900 1099 1950 aut
1129 1909 1224 1950 manu
1259 1885 1378 1963 hostili,

422 1989 577 2054 beneficio
599 1987 727 2049 luminis
747 1987 876 2050 orbatos
897 1986 975 2061 vidi,
992 1999 1029 2050 ut
1051 1998 1164 2051 caetera
1178 1986 1379 2049 incommoda

427 2104 558 2161 taceam,
575 2086 695 2171 quibus
709 2087 742 2147 in
757 2098 929 2170 conspectu
947 2109 1017 2149 meo
1031 2110 1051 2149 a
1067 2087 1217 2161 Domino,
1233 2100 1290 2149 aut
1305 2110 1380 2170 pro-

426 2187 528 2263 strati,
539 2197 595 2249 aut
610 2184 788 2269 perturbati
804 2197 890 2264 sunt,
904 2185 1046 2270 exceptis
1060 2186 1197 2263 duobus,
1212 2186 1377 2250 sacerdote

423 2282 583 2356 videlicet,
599 2302 695 2367 quem
708 2280 860 2365 praemisi,
870 2294 903 2346 et
918 2282 1050 2347 diacono
1065 2283 1215 2369 quodam,
1231 2285 1289 2370 qui
1304 2310 1375 2372 spe·

425 2381 615 2447 culariornm
627 2378 770 2444 videntes
779 2379 918 2465 plagam,
928 2382 1122 2468 effugerunt,
1131 2383 1211 2448 alter
1219 2385 1260 2448 ad
1271 2389 1377 2450 sinum

428 2481 609 2560 canonicae,
619 2483 701 2544 alter
715 2479 755 2543 ad
771 2494 899 2565 portum
911 2481 1033 2549 cellulae
1044 2483 1270 2560 cluniacensis,
1283 2487 1378 2551 sacris

321 2656 322 2661 η
427 2583 571 2649 vestibus
595 2580 746 2665 insigniti.
799 2582 938 2647 Eosdem
966 2597 1070 2649 tamen
1096 2608 1163 2673 prae
1193 2588 1315 2651 caeteris
1344 2589 1378 2651 in

427 2684 727 2770 congregationibus
757 2684 821 2749 suis
846 2686 979 2749 adversa
1007 2686 1146 2772 plurima
1174 2689 1379 2773 postmodum

427 2807 593 2872 perpessos
607 2806 683 2856 esse,
699 2782 847 2848 misertus
862 2808 944 2850 snm.
991 2787 1072 2850 Sane
1087 2789 1112 2850 si
1135 2787 1176 2851 ad
1192 2788 1380 2874 impugnan-

427 2889 505 2969 dum
522 2886 607 2949 bunc
622 2906 770 2964 errorem,
785 2908 956 2952 concursus
975 2889 1146 2966 rationum,
1161 2902 1193 2954 et
1215 2891 1380 2955 catholicae

428 2988 537 3055 matris
553 2986 704 3052 Ecclesioe
718 2988 891 3052 auctoritas
906 3012 967 3052 non
991 3005 1186 3076 suppeteret,
1201 2993 1252 3056 vel
1274 3016 1382 3060 exem·¹

429 3092 482 3178 pla
504 3094 658 3154 malorum
674 3113 746 3154 eum
765 3088 923 3155 sufficiunt
945 3093 1112 3179 extirpare.
1158 3093 1248 3158 Sicut
1271 3108 1378 3159 autem

430 3216 522 3257 nomo
536 3203 641 3278 potest
658 3191 766 3255 bibere
776 3190 904 3255 calicem
921 3193 1062 3270 Domini,
1075 3206 1105 3257 et
1119 3194 1245 3257 calicem
1262 3195 1381 3258 daemo·

428 3295 566 3368 nicrum,
588 3306 644 3357 aut
668 3293 795 3356 duobus
817 3291 952 3357 dominis
976 3295 1103 3369 servire,
1125 3300 1196 3371 Deo
1218 3309 1249 3360 et
1274 3298 1379 3360 Mam·

431 3418 554 3466 monae;
586 3392 631 3455 sic
644 3395 779 3475 gratiam
797 3393 870 3472 Dei,
883 3406 915 3458 et
931 3394 1029 3481 bujus
1044 3396 1172 3461 malitiae
1188 3397 1383 3476 exercitium,

430 3497 539 3560 nullus
553 3492 741 3578 assequitur.
788 3494 851 3557 Sed
867 3519 939 3560 ecce
953 3520 1054 3582 qnare
1069 3499 1225 3582 punctim,
1240 3512 1271 3565 et
1291 3483 1382 3585 quasi

432 3596 557 3670 subula,
574 3594 760 3659 sententiam
783 3619 970 3684 prosequor,
987 3598 1062 3662 tidei
1080 3613 1112 3664 et
1135 3623 1257 3665 morum
1279 3600 1383 3668 inimi.

429 3721 508 3775 cam,
524 3718 623 3782 quum
640 3718 707 3760 eam
719 3697 822 3761 caesim
837 3700 978 3784 Spiritus
989 3723 1149 3779 mucrone,
1158 3702 1273 3787 capulo
1285 3715 1381 3767 tenus

430 3798 684 3864 transverberare
716 3797 894 3863 sufficiam?
937 3801 1083 3866 Feriatur
1113 3825 1189 3887 ergo
1222 3801 1317 3865 semel
1349 3803 1382 3866 in

431 3898 634 3973 manuforti,
657 3910 688 3962 et
715 3899 844 3964 brachio
867 3900 963 3978 illius,
987 3903 1041 3988 qui
1067 3903 1109 3967 ad
1135 3902 1382 3966 submersionem

431 4000 670 4085 AEgyptiorum,
691 3997 800 4064 divisit
823 4023 909 4065 mare
931 4004 1065 4067 rubrum
1091 4004 1124 4067 in
1148 4002 1327 4081 divisiones,
1349 4014 1382 4066 et

432 4100 568 4167 secundo
583 4122 664 4184 opus
679 4122 741 4163 non
757 4102 827 4165 erit.
874 4108 947 4168 Non
972 4118 1020 4168 est
1036 4105 1119 4169 enim
1145 4106 1201 4189 qui
1222 4104 1262 4168 de
1286 4126 1383 4167 manu

433 4205 517 4270 illius
540 4203 639 4288 possit
660 4225 779 4266 eruere.
825 4204 952 4271 Educat
975 4228 1052 4291 ergo
1074 4207 1218 4292 gladium
1241 4210 1383 4293 Moyses,

431 4320 462 4372 et
479 4316 656 4391 prosternat
679 4300 853 4391 AEgyptias
877 4307 1137 4386 abominationes,
1152 4321 1185 4372 et
1207 4307 1382 4374 abscondat
