3384 5234
417 674 479 734 190
671 685 808 731 roauurs
824 683 1105 730 strassenrausrs
1219 662 1301 742 [mn.
1319 681 1370 726 111.

418 838 570 921 Scipione
586 838 737 902 Africano
753 837 876 920 aliquid
896 858 962 901 non
977 833 1110 898 inferius
1125 833 1297 907 invenitur,
1313 832 1369 914 qui

375 983 377 989 ·
414 948 488 1022 post
511 938 703 1018 singularem
726 938 767 1002 de
789 938 975 1001 Hannibale
997 936 1173 1012 victoriam,
1194 933 1365 1014 singularis

413 1038 620 1102 continentiae
645 1039 769 1121 insigne
794 1037 992 1122 praeconium
1017 1036 1140 1098 meruit.
1197 1033 1363 1097 Hannibal

412 1159 555 1222 namque
565 1141 782 1203 Romanorum
803 1138 922 1204 cecidit
940 1138 1116 1202 exercitum
1131 1158 1234 1219 nsque
1249 1134 1290 1199 ad
1305 1135 1363 1197 bo-

412 1240 506 1303 stium
530 1240 717 1318 satietatem,
737 1250 769 1303 et
791 1240 895 1303 donec
916 1238 1105 1322 proeciperet
1124 1238 1218 1300 militi
1237 1257 1306 1310 suo,
1326 1248 1361 1299 ut

411 1341 461 1403 rel
476 1340 558 1403 ferro
577 1350 731 1423 parceret.
776 1342 828 1404 De
848 1362 1004 1404 caesorum
1026 1339 1234 1404 cadaveribus
1248 1339 1282 1400 in
1298 1346 1361 1401 tor·

410 1450 499 1505 rente
513 1444 662 1524 Vergello
681 1464 764 1525 pons
785 1441 908 1506 solidus
927 1442 1030 1505 sactus
1049 1450 1098 1504 est
1113 1442 1239 1504 victoris
1255 1439 1359 1523 jussu.

410 1542 486 1605 Duo
500 1542 600 1606 modii
615 1545 806 1607 annulorum
821 1541 1050 1624 Carthaginem
1070 1540 1158 1603 missi
1175 1550 1258 1618 sunt,
1272 1538 1359 1602 unde

408 1643 547 1707 Martem
577 1666 668 1708 suum
700 1645 812 1728 Libyae
843 1642 1010 1727 praesidem
1041 1662 1136 1705 aureo
1165 1643 1292 1724 clypeo,
1316 1641 1358 1701 ob

407 1741 565 1824 insignem
587 1743 763 1817 victoriam,
783 1742 963 1819 honoraret,
978 1751 1126 1825 essetque
1148 1739 1359 1823 proculdubio

407 1851 485 1905 tunc
514 1846 620 1906 Roma
650 1843 736 1906 diem
765 1843 914 1906 ultimum
942 1842 1101 1919 habitura,
1125 1841 1151 1903 si
1181 1841 1357 1916 Hannibal,

407 1943 675 2026 quemadmodum
690 1945 828 2020 vincere,
842 1944 889 2006 sic
905 1952 937 2006 et
952 1944 1084 2006 victoria
1099 1943 1143 2005 uti
1168 1943 1272 2005 sciret.
1316 1944 1356 2003 In

405 2043 580 2105 vindictam
602 2042 733 2104 istorum
756 2063 775 2104 a
797 2053 910 2104 senatu
932 2041 1048 2103 missus
1071 2051 1118 2103 est
1141 2041 1251 2121 Scipio
1273 2042 1355 2103 Afri-
1388 2066 1397 2079 ·

405 2163 516 2215 canus,
528 2141 584 2225 qui
596 2162 615 2203 a
625 2142 779 2221 Pyreneis
789 2142 952 2204 montibus
963 2140 1003 2202 ad
1016 2143 1181 2204 columnas
1193 2142 1355 2217 Herculis,

403 2250 436 2305 et
457 2244 624 2305 Oceanum
640 2260 743 2324 usque
762 2250 853 2305 tanta
874 2242 1028 2304 felicitate
1045 2241 1242 2323 provinciam
1262 2261 1355 2305 recu·
1408 2299 1410 2302 ,

401 2342 526 2425 peravit
555 2341 716 2415 amissam,
742 2341 860 2404 utrix
885 2341 1014 2418 sciatur,
1038 2341 1133 2404 citius
1161 2362 1203 2405 an
1228 2342 1354 2405 facilius

401 2442 523 2506 vicerit.
560 2443 625 2514 Qui
640 2442 733 2505 etiam
751 2443 894 2525 captivos
905 2463 1022 2525 pueros
1037 2452 1069 2505 et
1083 2444 1204 2524 puellas
1219 2442 1352 2523 egregiae

400 2541 658 2626 pulchritudiuis,
677 2542 815 2605 restituit
831 2542 985 2620 barbaris,
1004 2562 1066 2606 nec
1088 2543 1122 2604 in
1144 2554 1353 2624 conspectum

401 2661 504 2718 suum,
519 2663 627 2705 eorum
644 2642 825 2724 quempiam
839 2642 944 2705 venire
958 2662 1074 2725 passus
1089 2651 1146 2719 est,
1161 2662 1202 2703 ne
1217 2640 1294 2723 quid
1310 2639 1351 2702 de

399 2739 590 2821 virginitatis
611 2741 803 2821 integritate,
825 2742 937 2804 saltem
961 2742 1063 2805 oculis
1084 2741 1243 2804 delibasse
1262 2739 1350 2803 vide·

398 2852 492 2903 retur.
538 2840 680 2916 Qualiter
702 2841 731 2904 ei
752 2842 921 2904 Hannibal
942 2842 1084 2920 cesserit,
1099 2824 1131 2904 et
1149 2840 1364 2925 manifestam¹

398 2940 565 3005 victoriam
580 2952 657 3005 nota
671 2942 703 3004 in
718 2943 820 3026 puppi
841 2943 988 3026 praetoria
1005 2944 1114 3005 laurus
1131 2940 1348 3025 polliceretur,

397 3041 534 3125 scriptor
556 3042 634 3105 belli
654 3042 771 3105 Punici
792 3042 885 3106 Titus
908 3043 1019 3105 Livius
1038 3043 1141 3105 refert
1184 3041 1348 3105 Caeterum

395 3140 428 3204 in
443 3142 524 3205 tanti
537 3142 689 3224 triumphi
710 3142 821 3224 gloria,
836 3142 915 3226 quid
936 3143 992 3206 illo
1008 3143 1076 3205 cive
1091 3141 1277 3219 modestius,
1292 3141 1347 3224 qui

395 3263 430 3305 se
445 3241 480 3305 in
494 3252 584 3306 tanto
600 3263 762 3321 successu,
777 3264 839 3307 nec
860 3244 1036 3320 dominum,
1050 3264 1110 3306 nec
1127 3243 1289 3318 victorem,
1301 3243 1344 3305 ‘ab

394 3343 518 3427 aliquo;
538 3342 602 3406 nisi
611 3345 652 3407 ab
665 3344 861 3418 Hannibale,
872 3345 1047 3428 paucisque
1056 3343 1280 3426 complicibus,
1290 3342 1345 3426 qui

394 3463 502 3526 aequas
511 3443 709 3506 conditiones
719 3444 918 3526 pacis,rupto
927 3443 1056 3520 foedere,
1064 3440 1342 3506 fraudulenterab·

389 3541 546 3624 jecerant,
562 3564 677 3626 passus
692 3554 740 3605 est
755 3542 906 3606 salutari?
939 3545 1009 3606 Eos
1025 3564 1162 3627 quoque,
1179 3543 1235 3626 qui
1251 3543 1344 3606 casti·

393 3640 457 3721 gati
480 3661 544 3703 non
571 3644 837 3726 obtemperabant
857 3643 1056 3725 prohibentis
1080 3643 1226 3726 imperio,
1251 3643 1343 3725 quasi

392 3739 583 3803 adulationis
597 3761 676 3818 reos,
690 3750 722 3803 et
732 3742 872 3821 publicae
885 3743 997 3804 salutis
1012 3744 1132 3814 hostes,
1143 3744 1184 3805 ab
1200 3741 1343 3804 exercitu

390 3838 544 3899 removeri
560 3836 676 3920 jussit3
701 3858 803 3919 quum
819 3846 924 3900 tamen
941 3861 1043 3919 genus
1060 3841 1241 3904 AEneadum
1255 3840 1341 3905 hanc

389 3936 562 3998 molliciem
575 3936 696 3999 aurium
712 3936 855 3999 nondum
868 3940 1001 4016 exuerit,
1012 3942 1088 4024 quin
1101 3941 1341 4005 adulationibus

390 4036 596 4099 delectentur.
641 4036 747 4112 Quum
763 4058 836 4100 vero
852 4040 893 4101 ab
913 4038 1005 4102 initio
1021 4041 1198 4120 gravissimi
1213 4041 1339 4117 suerint,

387 4138 422 4199 in
434 4158 498 4220 qno
506 4136 655 4220 Trojanae
664 4138 800 4200 levitatis
812 4139 969 4219 originem
981 4140 1143 4222 praecipue
1154 4139 1339 4215 diffitentur,

347 4265 349 4271 ·
389 4259 445 4302 eos
459 4238 520 4301 boc
538 4238 612 4303 vitio
629 4238 780 4303 continue
800 4240 972 4319 laborasse,
987 4240 1186 4303 historiarum
1210 4240 1337 4303 celebre
