3384 5234
364 708 433 752 cnr.
449 689 519 768 xu]
711 706 965 753 ronrcaarrcus.
1252 698 1315 756 alr

363 858 405 922 ab
426 869 561 938 errante,
585 856 650 921 sive
672 857 714 920 ab
737 856 888 921 adulante
909 856 1045 921 laudari.
1090 855 1210 922 Nullus
1231 858 1315 923 enim

363 959 568 1044 reprehensor
593 957 815 1021 formidandus
834 970 882 1021 est
905 957 1037 1022 amatori
1060 957 1212 1023 veritatis.
1257 961 1318 1024 Et·

362 1061 444 1124 enim
460 1073 517 1124 aut
532 1059 679 1125 inimicus
695 1060 944 1145 reprehensurus
958 1071 1018 1138 cst,
1032 1072 1087 1124 aut
1106 1059 1235 1125 amicus.
1282 1062 1316 1125 Si

362 1161 508 1225 inimicus
535 1159 681 1239 insultat,
706 1155 859 1221 ferendus
885 1169 952 1231 est3
994 1158 1131 1224 Amicus
1155 1173 1261 1224 autem
1289 1160 1316 1224 si

363 1274 458 1339 errat,
488 1261 667 1334 docendus3
708 1264 735 1323 si
764 1258 888 1334 doceat,
919 1258 1106 1324 audiendus.
1151 1259 1316 1326 Laudatur

365 1385 440 1426 vero
454 1374 486 1427 et
501 1384 609 1425 errans
623 1362 789 1426 confirmat
804 1383 954 1438 errorem,
969 1372 1002 1425 et
1023 1361 1158 1425 adulans
1176 1362 1266 1427 illicit
1281 1350 1316 1427 in

364 1484 510 1527 errorem.
556 1461 609 1526 Ait
626 1485 703 1543 ergo
718 1484 774 1523 rex
789 1460 904 1535 fidelis,
919 1464 1039 1524 electus
1061 1461 1092 1524 in
1116 1462 1316 1548 beneplacito

365 1562 507 1639 Domini,
521 1565 713 1647 relinquens,
724 1561 750 1624 si
765 1561 900 1646 sapiant,
912 1561 1051 1646 regibus,
1063 1575 1095 1625 et
1106 1562 1315 1649 principibus,

359 1664 507 1750 justitiae,
524 1663 712 1727 humilitatis
726 1661 922 1747 exemplum,
938 1675 970 1726 et
985 1662 1196 1730 fortitudinis.
1237 1669 1316 1733 Cor-

364 1766 459 1849 ripiet
487 1788 537 1829 me
558 1766 669 1851 justus
693 1764 725 1826 in
753 1762 978 1838 misericordia,
1000 1776 1032 1828 et
1054 1763 1230 1850 increpabit
1253 1790 1314 1844 me,

363 1864 468 1929 oleum
484 1879 590 1929 autem
610 1866 783 1949 peccatoris
797 1886 861 1926 non
876 1862 1055 1948 impinguet
1077 1878 1175 1951 eaput
1196 1889 1313 1934 meum.

368 1969 529 2033 Consonat
545 1967 573 2029 ei
589 1962 737 2041 Ethicus,
753 1964 878 2031 dicens:

470 2082 564 2136 Falsus
575 2083 656 2140 honor
663 2083 748 2153 juvat,
762 2087 808 2134 aut
818 2083 932 2142 mendax
944 2082 1052 2136 infamia
1064 2089 1143 2139 terret

470 2169 565 2235 Quem,
577 2169 628 2222 nisi
639 2169 790 2221 mendosum
802 2173 829 2220 et
840 2170 1010 2223 mendacem?

364 2450 444 2533 Cap.
463 2453 511 2511 15.
540 2446 637 2513 Quod
651 2449 680 2510 ei
695 2447 858 2509 duntuaat
879 2446 950 2510 licet
970 2450 1112 2523 adulari,
1129 2470 1220 2530 quem
1241 2452 1315 2515 licet

431 2549 579 2622 occidere,
595 2553 626 2610 et
640 2547 725 2628 qaod
739 2551 903 2627 tyrannus
913 2549 1064 2628 publicus
1078 2551 1177 2612 hostis
1190 2556 1246 2613 est.

406 2684 651 2744 Vnanrnrnmau
674 2682 727 2743 cui
752 2678 888 2743 debetur
911 2680 971 2742 hoc
996 2679 1101 2743 oleum
1129 2682 1315 2766 peccatoris,

366 2780 453 2865 quod
479 2781 627 2867 reprobat
655 2780 873 2866 praeambulus
900 2803 1011 2866 regum
1037 2781 1190 2858 fidelium,
1217 2794 1249 2846 et
1273 2782 1316 2847 ad

366 2880 455 2965 quod
478 2880 657 2959 emendum,
679 2882 712 2945 in
738 2882 888 2946 fatuitate
911 2905 969 2945 sua
998 2882 1140 2947 exclusas
1164 2884 1314 2969 virgines,

365 2983 463 3048 mittit
477 2983 677 3068 evangelicus
693 2987 819 3047 sermo?
850 2982 891 3046 Ei
909 2986 1021 3068 utique
1048 2984 1102 3069 qui
1120 2984 1151 3046 in
1168 2984 1315 3049 sordibus

365 3095 423 3160 est,
440 3097 471 3148 et
494 3084 584 3169 justo
605 3085 666 3148 Dei
688 3084 813 3171 judicio
838 3084 990 3148 sordescit
1016 3085 1164 3170 amplius,
1179 3102 1211 3150 et
1226 3086 1315 3172 vulgi

364 3188 511 3274 opinione
541 3188 650 3274 potius
679 3186 844 3273 splendere
873 3186 1008 3270 appetit,
1036 3209 1133 3271 quarn
1163 3186 1314 3265 caritatis,

362 3304 563 3375 operumque
573 3290 642 3374 ejus
657 3289 780 3353 fervere
795 3287 949 3352 incendio.
996 3287 1092 3350 Unde
1114 3300 1147 3352 et
1162 3289 1193 3351 in
1218 3310 1315 3353 saecu-

364 3393 483 3456 laribus
509 3392 608 3456 literis
634 3405 763 3456 cautum
790 3405 849 3469 est,
876 3390 953 3475 quia
982 3391 1074 3456 aliter
1101 3414 1172 3456 cum
1203 3392 1314 3475 amico,

363 3492 456 3555 aliter
483 3491 655 3555 vivendum
686 3502 733 3555 est
761 3515 835 3555 cunr
866 3505 1011 3575 tyranno.
1061 3494 1173 3555 Amico
1202 3493 1314 3580 utique

363 3590 484 3657 adulari
501 3613 562 3654 non
583 3590 667 3668 licet,
684 3592 738 3656 sed
761 3613 853 3655 aures
878 3590 1005 3675 tyranni
1029 3589 1167 3654 mulcere
1192 3591 1314 3657 licitum

362 3707 419 3761 est.
465 3695 507 3757 Ei
533 3715 669 3779 namque
693 3692 766 3757 licet
792 3691 927 3767 adulari,
946 3714 1043 3777 quem
1067 3691 1140 3756 licet
1164 3694 1314 3760 occidere.

364 3798 462 3860 Porro
478 3812 647 3881 tyrannum
667 3793 809 3857 occidere
834 3814 895 3855 non
919 3791 1015 3855 modo
1039 3791 1161 3857 licitum
1183 3807 1243 3873 est,
1259 3795 1314 3859 sed

363 3918 491 3982 aequum
507 3908 539 3960 et
549 3896 688 3981 justum.
729 3895 792 3970 Qui
807 3891 889 3956 enim
906 3892 1051 3978 gladium
1066 3895 1191 3978 accipit,
1206 3896 1315 3980 gladio

364 3997 481 4083 dignus
496 4008 544 4062 est
556 3996 693 4060 interire.
732 3994 794 4059 Sed
809 3995 949 4079 accipere
961 3994 1161 4079 intelligitur,
1172 3996 1229 4080 qui
1242 4020 1315 4061 eum

363 4100 491 4183 propria
507 4096 684 4161 temeritate
696 4106 841 4179 usurpat,
853 4116 914 4156 non
932 4092 988 4178 qui
1002 4093 1112 4156 utendi
1124 4117 1192 4157 eoa
1204 4097 1315 4159 Domi·

366 4218 407 4259 no
421 4197 534 4281 accipit
550 4208 751 4283 potestatem.
793 4196 920 4278 Utique
935 4194 991 4278 qui
1008 4216 1027 4256 a
1041 4196 1112 4256 Deo
1127 4205 1315 4278 potestatem

365 4296 491 4384 accipit,
507 4295 630 4379 legibus
646 4299 753 4373 servit,
769 4307 800 4359 et
812 4293 950 4379 justitiae
966 4305 996 4355 et
1004 4293 1089 4376 juris
1104 4292 1243 4356 famulus
1258 4308 1315 4359 est.
