3384 5234
444 697 547 756 184·
696 706 1124 753 sosnmssaansnnnransrs
1200 691 1202 695 ’
1258 686 1341 765 [ans.
1360 705 1398 750 11.

443 858 643 933 somniantes,
660 858 742 922 inter
756 858 896 943 aliquam
912 871 944 921 et
967 856 1085 920 nullam
1101 854 1311 920 substantiam
1327 876 1403 918 con-

442 962 558 1027 stituti.
606 960 732 1024 Animae
751 962 890 1046 quoesita
911 958 1045 1044 origine,
1061 958 1223 1023 traducem
1246 956 1338 1021 nobis
1354 956 1403 1019 in-

444 1060 591 1126 tellectus
620 1062 764 1147 opponit.
811 1063 977 1125 Postremo
1011 1060 1044 1123 in
1080 1059 1190 1125 divina
1226 1058 1405 1123 substantia

442 1163 621 1229 trinitatem
643 1165 780 1251 recipere
795 1185 1016 1250 personarum,
1032 1162 1090 1226 nisi
1112 1163 1145 1226 in
1167 1161 1241 1225 fidei
1267 1161 1397 1240 virtute,

442 1263 605 1350 quomodo
622 1264 711 1328 Arrii
733 1263 864 1350 laqueos
878 1263 1075 1328 declinabis?
1102 1263 1289 1329 Divinitatis
1304 1285 1403 1326 unam

445 1363 619 1450 simplicem
644 1379 676 1430 et
698 1365 898 1429 individuam
921 1364 1055 1431 admitte
1077 1365 1300 1442 substantiam,
1323 1387 1404 1449 quo·

445 1464 542 1528 modo
559 1463 700 1545 Sabellii,
709 1465 770 1529 nisi
785 1464 860 1529 fidei
873 1465 1004 1540 ratione,
1017 1488 1130 1529 manus
1140 1464 1296 1550 effugies?
1321 1467 1403 1528 Haec

445 1578 550 1631 tamen
566 1588 629 1630 non
642 1566 745 1631 minus
760 1588 836 1633 vera
851 1578 936 1637 sunt,
947 1566 1027 1652 quia
1040 1565 1151 1632 multis
1165 1579 1298 1651 possunt
1313 1588 1401 1651 quae·

446 1667 603 1733 stionibus
617 1667 809 1754 impugnari.
853 1670 899 1732 Et
915 1667 989 1732 licet
1004 1669 1160 1754 sapientia
1174 1671 1238 1733 Dei
1253 1692 1286 1732 se
1300 1666 1401 1733 incar-

447 1769 584 1834 nationis
606 1773 757 1856 mysterio
778 1770 871 1834 nobis
891 1757 1047 1835 risibilem
1069 1772 1192 1848 fecerit,
1211 1794 1274 1836 non
1298 1784 1401 1837 tamen

446 1893 587 1957 eousque
603 1896 635 1935 se
645 1871 818 1937 intellectui
829 1885 939 1936 nostro
949 1872 1025 1937 iecit
1040 1872 1244 1959 palpabilem,
1254 1885 1292 1938 ut
1304 1895 1403 1959 quum

447 1994 484 2035 ea
504 1973 662 2057 possimus
684 1992 916 2056 usquequaque
937 1970 1125 2048 discurrere,
1143 1971 1276 2036 scientes
1298 1994 1404 2036 rerum

447 2073 587 2136 omnium
611 2080 732 2158 quanta
746 2072 787 2136 sit
809 2070 992 2155 longitudo,
1005 2071 1155 2150 latitudo,
1171 2072 1351 2137 sublimitas
1373 2087 1406 2139 et

447 2171 655 2259 profundum.
687 2173 721 2237 Si
733 2194 809 2237 uero
818 2172 1115 2237 matbematicorum
1129 2174 1180 2237 via
1195 2192 1276 2237 esset
1288 2196 1407 2260 usque-

448 2296 576 2359 quaque
588 2273 768 2354 laudabilis,
777 2296 840 2339 non
857 2286 1023 2359 tantopere
1038 2275 1239 2360 poenituisset
1250 2298 1404 2360 magnum

448 2374 665 2459 Augustinum
680 2398 712 2439 se
723 2397 831 2438 eornm
845 2373 1130 2439 consultationibus
1141 2374 1317 2440 inclinasse.
1349 2379 1405 2442 Ad

449 2478 519 2543 haec
544 2480 655 2543 doctor
684 2476 900 2542 sanctissimus
925 2476 979 2539 ille
1006 2477 1181 2562 Gregorius
1211 2477 1267 2562 qni
1292 2478 1407 2543 melleo

451 2580 686 2667 predicationis
700 2579 803 2645 imbre
822 2590 924 2644 totam
940 2579 1057 2663 rigavit
1076 2591 1108 2645 et
1121 2578 1292 2645 inebriavit
1308 2579 1407 2644 eccle·

451 2686 542 2759 siam,
557 2704 619 2746 non
635 2680 732 2745 modo
746 2680 899 2745 mathesin
915 2680 1013 2767 jussit
1028 2680 1069 2744 ab
1084 2679 1158 2744 aula
1177 2679 1334 2756 recedere,
1351 2681 1406 2745 sed

451 2797 487 2848 ut
507 2784 646 2849 traditur
665 2782 884 2869 majoribus,
907 2780 1053 2845 incendio
1074 2780 1163 2846 dedit
1182 2782 1327 2868 probatoe
1347 2782 1407 2846 lec·

450 2884 545 2952 tionis

556 3019 665 3090 Scripta,
679 3016 815 3072 Palatinus
826 3034 986 3088 quaecunque
997 3019 1105 3071 tenebat
1116 3018 1221 3091 Apollo.

453 3180 494 3244 ln
515 3179 634 3263 quibus
655 3192 745 3243 erant
768 3179 941 3266 praecipua,
961 3202 1037 3266 ,quae
1059 3179 1234 3245 caelestium
1258 3193 1406 3246 mentem,

452 3294 483 3343 et
500 3282 698 3363 superiorum
714 3280 843 3344 oracula
858 3281 1050 3346 ridebantur
1062 3280 1245 3351 hominibus
1258 3281 1407 3346 revelare.

454 3380 538 3458 Quid
560 3381 685 3444 multai
715 3381 828 3442 Nonne
851 3382 928 3446 satis
950 3397 997 3447 est
1020 3383 1108 3469 quod
1132 3382 1213 3448 banc
1234 3384 1406 3450 vanitatem

452 3478 607 3542 catholica
621 3491 653 3541 et
669 3476 856 3541 universalis
866 3480 1010 3546 Ecclesia
1021 3483 1214 3560 detestatur,
1224 3495 1336 3573 eteos,
1351 3485 1408 3569 qui

451 3599 519 3641 eam
538 3577 672 3643 ulterius
683 3601 833 3643 exercere
855 3584 1125 3670 praesumpserint,
1141 3582 1292 3668 legitimis
1306 3579 1409 3668 poenis

453 3679 610 3743 mulctat?
643 3680 705 3746 Sed
731 3704 770 3744 ne
794 3681 1043 3767 planetariorum
1069 3707 1132 3750 non
1157 3698 1220 3748 tam
1248 3685 1408 3771 persequi,

453 3804 549 3868 quam
563 3782 653 3869 sequi
666 3783 832 3847 videamur
842 3807 992 3867 errorem,
1002 3787 1069 3873 jam
1086 3784 1126 3848 ad
1138 3784 1262 3869 reliqna
1277 3807 1409 3870 progre-

453 3885 562 3949 diatur
582 3885 695 3952 oratio.
740 3889 804 3960 Qui
820 3888 904 3951 enim
926 3889 1001 3954 huic
1024 3888 1200 3955 curiositati
1222 3886 1411 3968 inserviunt,

453 4007 515 4049 non
544 3988 644 4070 magis
669 4007 796 4050 veraces
825 4010 893 4051 esse
919 4003 1067 4073 possunt,
1091 4007 1187 4072 qnam
1215 3985 1350 4050 humiles
1376 4001 1409 4052 et

454 4086 561 4166 sobrii,
587 4086 643 4171 qui
671 4090 788 4173 primos
814 4088 978 4153 recubitus
1002 4088 1033 4151 in
1060 4085 1158 4153 coenis
1183 4098 1353 4171 appetunt,
1376 4100 1409 4153 et

454 4188 626 4274 epulantur
655 4187 799 4275 quotidie
829 4189 1005 4275 splendide.
1059 4190 1224 4253 Postremo
1253 4187 1409 4275 plurimos

455 4310 564 4357 eorum
594 4285 714 4364 audivi,
745 4287 820 4353 novi
851 4289 980 4364 multos,
1011 4284 1065 4349 sed
1099 4284 1254 4351 neminem
1285 4287 1317 4352 in
1347 4288 1408 4352 hoc
