3384 5234
369 696 429 760 tra
610 714 746 760 rosurus
761 712 1039 759 saansannmssrs
1183 691 1265 771 [nm.
1282 712 1319 757 11.

367 886 408 927 ex
422 863 480 928 illo
500 874 587 928 retro
601 867 712 940 fluere,
725 876 758 927 et
780 863 883 927 indies
903 863 980 937 labi,
1002 861 1103 926 minui
1125 861 1215 945 regni
1237 861 1321 925 vires

366 977 545 1049 coeperunt,
565 963 651 1028 salus
672 962 785 1049 populi
806 961 975 1040 fluctuare,
1004 961 1145 1025 hostium
1167 962 1319 1037 crebrior,

367 1064 480 1149 major,
499 1064 677 1151 clariorque
706 1063 850 1140 victoria,
872 1076 938 1127 tam
968 1065 1052 1147 regis
1080 1085 1178 1147 quam
1207 1062 1319 1148 populi

366 1163 503 1230 validius
517 1166 640 1231 animos
653 1165 762 1250 fregit.
797 1170 872 1251 lpse
883 1177 988 1228 tamen
1004 1186 1077 1229 eum
1093 1164 1146 1227 cui
1162 1164 1321 1228 Dominus

367 1287 500 1349 regnum
514 1268 710 1342 firmaverat,
730 1267 979 1331 exterminatum
1001 1265 1139 1329 habebat
1159 1288 1179 1328 a
1200 1265 1319 1330 linibus

366 1367 442 1431 suis.
487 1368 575 1445 Quid
590 1391 668 1453 ergo
687 1367 816 1432 tandem
836 1369 922 1453 oepit
937 1366 1084 1431 consilii?
1108 1370 1181 1431 Nou
1205 1367 1319 1451 utique

367 1479 406 1532 ut
419 1490 553 1552 regnum
570 1469 710 1533 traderet
725 1468 849 1532 meliori
863 1491 908 1544 se,
923 1480 960 1532 nt
975 1467 1176 1553 dispositioni
1190 1466 1319 1545 divinae,

367 1589 443 1653 quae
457 1567 487 1632 ei
500 1569 696 1649 innotuerat,
710 1568 936 1655 acquiesceret,
952 1581 988 1632 ut
998 1566 1219 1653 poenitentiam
1234 1580 1322 1631 ante-

367 1682 449 1735 acte
459 1671 536 1735 vitre
545 1671 874 1756 ageretsructuosam.
905 1670 968 1735 Sed
980 1668 1323 1754 quiadrersusDomi-

367 1793 444 1837 num
459 1771 641 1836 calcaneum
658 1775 793 1837 tumoris
801 1776 971 1846 extulerat,
985 1768 1141 1856 populum
1156 1770 1189 1834 in
1197 1783 1322 1835 montes

368 1872 505 1950 Gelboe,
533 1873 589 1937 ubi
614 1863 796 1958 puniendus
826 1886 859 1937 et
884 1871 1078 1936 occidendus
1102 1885 1183 1947 erat,
1209 1874 1321 1936 eduxit

366 1974 400 2037 in
415 1973 573 2058 praelium.
617 1972 729 2038 Occidi
751 1972 910 2056 siquidem
931 1972 963 2035 in
987 1985 1095 2035 monte
1118 1971 1242 2047 debuit,
1265 1972 1322 2057 qui

367 2095 431 2136 non
441 2071 499 2134 nisi
511 2070 577 2135 alta
587 2072 619 2133 in
633 2071 736 2155 seipso
745 2072 895 2155 respexit.
939 2071 1110 2154 Quiaergo
1119 2093 1192 2133 eum
1205 2072 1321 2135 veritas

366 2173 436 2257 ipsa
455 2168 607 2247 deseruit,
627 2168 669 2232 ad
691 2169 812 2233 fontem
835 2169 990 2233 mendacii
1014 2170 1114 2233 falsus
1136 2183 1168 2233 et
1190 2170 1320 2254 iniquus

366 2270 513 2358 princeps
526 2269 682 2352 confugit.
727 2270 820 2335 Dixit
836 2269 945 2355 itaque
955 2270 1053 2334 servis
1067 2272 1154 2336 suis:
1178 2272 1320 2350 Quaerite

366 2370 446 2435 mihi
467 2369 642 2445 mulierem,
664 2371 834 2436 habentem
858 2371 1049 2457 Pythonem,
1071 2383 1104 2436 et
1135 2365 1250 2437 vadam
1279 2376 1322 2438 ad

364 2494 447 2550 mm,
475 2483 509 2535 et
538 2471 722 2537 sciscitabor
746 2494 801 2557 per
822 2472 919 2538 illam.
964 2473 1052 2550 Quid
1075 2473 1163 2538 aliud
1185 2475 1321 2539 dixisset

365 2570 506 2659 gentilis,
516 2569 666 2657 idemque
676 2571 841 2658 perfidus?
857 2576 972 2637 Nonne
982 2573 1065 2638 idem
1075 2587 1124 2638 est
1133 2596 1172 2639 ac
1185 2574 1320 2651 sidicat,

495 2689 618 2743 Flectere
627 2691 650 2743 si
660 2707 762 2758 nequeo
773 2707 889 2762 superos,
901 2691 1054 2745 Acheronta
1063 2693 1188 2746 movebo?

340 2820 343 2827 ¹
365 2806 423 2860 ant
444 2792 641 2859 fidelioribus
664 2794 780 2870 verbis,
803 2806 835 2858 et
858 2793 1010 2859 insaniori
1025 2795 1171 2880 perfidia,
1188 2795 1222 2861 Si
1243 2794 1321 2859 mihi

368 2898 459 2961 Deus
487 2893 633 2958 notitiam
662 2892 823 2958 subtrahit
852 2893 1006 2974 veritatis,
1036 2918 1104 2959 eam
1135 2910 1241 2967 tamen
1264 2920 1322 2982 per

367 3008 491 3083 patrem
505 2993 671 3074 mendacii,
688 3017 727 3057 eo
745 2994 856 3072 inrito,
873 3018 1074 3081 cognoscam,
1095 3010 1127 3061 et
1147 2998 1223 3062 velit
1242 2998 1321 3061 nolit

367 3120 516 3163 mannum
538 3095 659 3161 consilii
680 3096 760 3181 ejus,
775 3118 832 3181 per
854 3107 1027 3182 potestates
1049 3098 1245 3163 adversarias
1264 3122 1320 3163 ex·

367 3198 525 3285 plorabo?
549 3198 595 3262 Et
607 3197 758 3262 dixerunt
774 3197 857 3268 servi
871 3198 942 3283 ejus
956 3198 999 3263 ad
1013 3221 1105 3263 eum:
1130 3200 1192 3265 Est
1207 3200 1321 3265 mulier

369 3300 488 3369 habens
509 3299 689 3385 Pythonem
704 3297 737 3361 in
754 3297 876 3362 Endon.
893 3296 1051 3383 Indignus
1064 3300 1149 3364 enim
1165 3313 1233 3365 erat
1248 3323 1321 3364 con-

369 3400 540 3466 sultatione
561 3399 658 3477 virili,
674 3422 770 3485 quem
786 3398 818 3463 in
834 3410 958 3465 tantum
976 3400 1156 3486 desperatio
1170 3402 1321 3486 fregerat,

368 3513 404 3566 ut
420 3501 514 3566 etiam
527 3501 569 3563 ab
583 3500 716 3564 infirmis
731 3513 763 3564 et
775 3499 995 3565 infirmissimis
1009 3502 1164 3565 creaturis
1174 3503 1216 3566 ad
1232 3516 1323 3566 tuen-

369 3599 447 3662 dum
459 3599 518 3663 sibi
535 3620 679 3683 regnum,
696 3599 783 3686 quod
798 3600 958 3664 Dominus
977 3601 1153 3680 auferebat,
1169 3600 1324 3665 adversus

368 3700 454 3762 omni
477 3699 651 3785 potentiam
667 3700 746 3783 ejus,
761 3700 918 3765 auxilium
938 3700 1132 3787 imploraret.
1178 3700 1323 3766 Mutavit

367 3819 446 3881 ergo
457 3797 600 3861 habitum
612 3820 717 3875 suum,
729 3802 926 3885 vestitusque
938 3814 986 3865 est
993 3802 1063 3866 aliis
1074 3802 1282 3881 vestimentis,
1291 3814 1323 3866 et

366 3898 446 3963 abiit
457 3899 524 3984 ipse
536 3911 568 3961 et
579 3896 645 3961 duo
657 3897 716 3960 viri
726 3921 798 3961 cum
812 3923 861 3977 eo,
873 3915 1093 3989 veneruntque
1103 3902 1143 3966 ad
1156 3903 1321 3969 mulierem

367 4011 469 4063 nocte.
514 4001 614 4062 Recte
637 3995 765 4082 quidem
787 4000 905 4083 omnia,
924 4002 1002 4086 quia
1024 4015 1131 4067 rectus
1151 4016 1210 4083 est,
1225 4003 1322 4068 ctiam

366 4099 454 4184 apud
470 4120 633 4184 perversos
648 4096 787 4183 Spiritus
810 4115 947 4167 sanctus.
992 4103 1095 4188 Regio
1110 4125 1249 4189 namque
1264 4102 1320 4163 ha-

366 4201 437 4267 bitu
459 4200 570 4265 debuit
594 4199 733 4285 spoliari,
747 4204 806 4287 qui
829 4202 869 4265 ad
893 4204 1092 4270 serviendum
1110 4199 1320 4283 damonibus,

366 4316 397 4367 et
419 4325 481 4368 non
504 4303 586 4381 Deo,
602 4302 776 4369 iufaustum
800 4305 980 4389 arripuerat
1001 4306 1073 4370 iter.
1120 4305 1185 4379 Qui
1203 4317 1322 4369 vestem
