3384 5234
366 666 429 726 nlo
622 672 758 718 romnis
773 671 1052 719 sinusnnmrnsrs
1198 652 1284 732 [cre.
1301 671 1334 716 v.

373 830 535 893 dominum
553 826 682 889 vendat.
727 828 840 889 Omnis
855 827 940 889 enirn
962 826 1174 907 magistratus,
1191 813 1334 909 justitie

374 931 512 994 famulus
535 939 592 991 est.
638 928 773 991 Constat
799 930 883 991 enim
909 929 985 1012 quia
1009 928 1143 1011 aequitas
1172 926 1335 989 alienatur

375 1057 393 1095 a
424 1030 600 1106 venditore,
628 1030 705 1092 licet
734 1029 775 1092 ad
812 1043 990 1114 emptorem
1021 1051 1086 1092 non
1117 1038 1269 1102 transeut,
1300 1038 1334 1091 et

375 1144 485 1217 empta
517 1133 668 1215 iniquitas
697 1132 742 1194 sic
774 1131 814 1195 nd
848 1147 1021 1215 emptorem
1056 1132 1178 1209 transit,
1208 1141 1245 1193 ut
1273 1151 1333 1193 ne·

376 1256 537 1321 quaquam
567 1256 587 1296 a
617 1233 781 1297 venditore
809 1234 949 1298 recedat.
998 1236 1043 1297 Et
1078 1233 1165 1317 quod
1195 1233 1228 1294 in
1258 1233 1334 1296 eliis

376 1338 595 1403 contractibus
611 1357 675 1399 non
691 1337 859 1420 reperitur,
870 1337 957 1401 solus
973 1337 1028 1399 ille
1038 1336 1195 1421 justitium
1208 1334 1333 1413 vendit,

377 1440 433 1523 qui
447 1437 634 1502 nonhabet.
666 1436 832 1520 Siquidem
850 1449 924 1501 ante
940 1437 1167 1499 commercium
1178 1435 1334 1519 relinquit

377 1540 541 1606 sordidum
565 1538 773 1602 venditorem.
820 1541 939 1602 Nonne
961 1538 1109 1602 sordidus
1131 1546 1191 1615 est,
1210 1538 1267 1619 qui
1289 1536 1334 1600 ad

378 1641 604 1724 acceptasset
624 1640 748 1702 oblatos
769 1639 892 1718 sordes,
908 1640 1138 1703 conscientiam
1158 1637 1285 1722 polluit,
1301 1646 1336 1701 et

378 1765 443 1807 non
455 1755 520 1806 tem
523 1742 681 1827 justitiam
695 1743 837 1805 venalem
849 1742 957 1818 habet,
967 1762 1062 1825 quam
1072 1741 1212 1803 animam
1221 1737 1333 1802 susm?

379 1847 503 1908 Doctor
529 1842 670 1923 gentium
697 1842 833 1920 divitias,
860 1845 1008 1918 honores,
1036 1852 1068 1906 et
1094 1843 1191 1905 totius
1218 1839 1335 1903 mundi

380 1947 497 2009 variam
508 1943 765 2028 suppellectilem
781 1944 957 2007 contemnit
968 1958 1004 2006 ut
1017 1957 1167 2021 stercora,
1176 1952 1213 2006 ut
1227 1944 1334 2006 solum

379 2046 559 2110 lucrifaciat
581 2046 755 2120 Christum,
778 2057 865 2108 ratus
887 2046 1006 2122 omnia,
1029 2066 1100 2129 quae
1127 2043 1335 2128 dispendium

381 2151 474 2214 saluti
495 2151 641 2222 afferunt,
656 2147 804 2210 sordibus
824 2147 1036 2229 aggreganda.
1079 2149 1183 2210 Recte
1201 2146 1334 2230 quidem

382 2265 414 2315 et
433 2250 579 2326 fideliter,
594 2270 632 2311 eo
653 2247 740 2332 quod
760 2248 841 2310 nihil
864 2247 1030 2326 mundum,
1049 2249 1130 2311 nihil
1150 2249 1337 2325 honestum,

382 2355 459 2417 nihil
477 2350 595 2415 decens
610 2351 746 2414 salutem
760 2347 906 2434 impedit,
918 2348 976 2413 sed
991 2352 1059 2414 sola
1074 2351 1249 2435 turpitudo,
1261 2372 1336 2434 quae

381 2454 466 2519 sicut
488 2455 632 2532 dedecet,
653 2453 699 2517 sio
719 2463 751 2516 et
772 2451 936 2515 immunde
957 2462 1017 2530 est,
1037 2463 1071 2515 et
1092 2462 1179 2517 certe
1200 2454 1338 2531 inutilis,

383 2556 465 2620 adeo
480 2554 643 2631 damnosa,
658 2563 694 2616 ut
707 2554 796 2616 nullo
812 2554 981 2636 temporali
997 2555 1214 2617 emolumento
1230 2554 1338 2616 velent

383 2658 592 2741 compensari.
630 2653 716 2727 Quid
727 2657 811 2719 enim
824 2656 955 2740 prodest
967 2656 1102 2733 homini,
1113 2657 1141 2720 si
1151 2657 1336 2719 universum

383 2759 539 2824 mundum
554 2760 704 2834 lucretur,
719 2757 841 2820 faciens
864 2758 1091 2822 detrimentum
1110 2759 1226 2822 animae
1244 2756 1335 2821 sure?

383 2863 428 2925 Et
442 2858 527 2935 vide,
543 2858 619 2942 quie
632 2878 698 2920 non
722 2856 804 2920 dixit
825 2858 983 2921 mundum
1005 2859 1152 2923 inutilem
1172 2859 1229 2923 ubi
1249 2860 1338 2922 salus

383 2962 536 3045 perditur,
552 2959 720 3022 sedetiam
736 2960 792 3021 ubi
808 2961 960 3023 minuitur
974 2962 1084 3042 gloria.
1121 2943 1338 3035 Quantumvis'

384 3065 514 3127 rutilent
534 3082 679 3144 gemmae,
694 3081 806 3123 aurum
827 3061 1006 3144 splendeat,
1021 3072 1053 3124 et
1074 3063 1225 3127 omnibus
1246 3064 1338 3124 leno·

385 3166 478 3231 ciniis
507 3166 572 3228 suis
605 3162 741 3226 arrideat
775 3160 925 3240 mundus,
955 3163 1111 3247 quicquid
1146 3163 1338 3228 munditiam

385 3267 525 3331 hominis
546 3264 685 3348 perimit,
708 3262 894 3340 sordidum
934 3264 1021 3347 quod
1048 3263 1197 3329 decorem
1219 3266 1337 3329 enimae

383 3368 552 3449 extinguit,
576 3375 685 3449 turpe3
717 3364 805 3447 quod
826 3366 1030 3429 honestatem
1056 3369 1221 3442 subvertit,
1243 3369 1337 3449 igno·

385 3472 554 3535 miniosum
581 3479 639 3532 est.
687 3465 782 3531 Unde
806 3478 838 3529 et
863 3466 950 3550 apud
975 3468 1138 3552 antiquos,
1163 3468 1261 3531 etiam
1284 3489 1337 3533 sa-

383 3572 517 3634 lutiferre
532 3570 672 3634 veritatis
686 3569 825 3650 ignaros,
839 3588 934 3630 omne
950 3570 1040 3653 quod
1055 3590 1098 3633 ex
1113 3567 1223 3633 debito
1239 3570 1338 3635 officii

386 3673 557 3751 gratuitum
571 3692 641 3734 esse
656 3681 791 3753 oportet,
806 3672 832 3733 si
851 3670 905 3733 fiat
919 3671 960 3733 ad
976 3672 1124 3753 pretium,
1140 3673 1173 3735 in
1190 3671 1340 3735 sordibus

386 3780 620 3852 computantur.
667 3771 776 3851 Ipsius
796 3790 925 3853 quoque
945 3772 1038 3852 pretii
1060 3774 1106 3836 sic
1131 3774 1265 3837 dilatant
1287 3772 1341 3835 iu·

385 3869 664 3954 terpretationem3
691 3881 811 3931 utnon
833 3868 929 3930 modo
952 3873 1136 3953 pecuniam,
1158 3874 1341 3959 speciemve

386 3972 559 4049 contineat,
586 3968 643 4031 sed
668 3968 868 4052 obsequium,
889 3990 1080 4058 omnemque
1101 3997 1240 4061 operam,
1260 3996 1339 4058 qon-

387 4091 480 4140 tenus
495 4072 573 4136 alias
586 4093 652 4136 non
668 4070 811 4135 debetur.
851 4073 947 4144 Quod
959 4076 1044 4139 enim
1060 4100 1103 4141 ex
1118 4076 1264 4139 sordibus
1278 4087 1340 4153 est,

387 4174 464 4261 quid
494 4173 553 4237 erit
582 4173 644 4235 nisi
674 4168 860 4236 sordidum?
899 4174 975 4237 Non
1003 4174 1086 4237 enim
1112 4180 1219 4255 potest
1243 4174 1339 4236 arbor

388 4280 481 4355 mela,
507 4277 629 4341 fructus
650 4279 757 4339 bonos
780 4276 895 4353 lacere,
914 4299 1011 4360 quum
1033 4276 1066 4338 iu
1089 4296 1127 4338 eo
1148 4275 1196 4339 vis
1217 4287 1338 4341 naturae
