3384 5234
368 695 439 742 car.
454 677 545 758 vnn]
720 693 974 739 Ponrcnarrcus.
1259 679 1318 738 181

366 848 465 911 Varia
479 848 582 929 figura
594 855 786 928 temporum,
802 854 930 909 actuum
951 844 1097 928 quaedam
1112 844 1245 907 varietas
1260 855 1316 907 est

365 950 464 1012 Porro
478 948 605 1012 actibus
618 967 762 1029 personae
778 946 971 1022 deserviunt,
983 944 1058 1008 dum
1075 946 1109 1007 in
1125 946 1172 1007 eis
1187 946 1320 1007 fortunoe

362 1047 503 1132 jocantis
521 1048 617 1110 ludus
636 1047 795 1129 impletur.
834 1044 922 1116 Quid
942 1045 1026 1107 enirn
1049 1046 1137 1109 aliud
1160 1044 1322 1127 estquod

368 1173 486 1215 novum
502 1149 687 1234 quemlibet,
698 1159 730 1211 et
741 1149 897 1228 ignotum,
909 1167 997 1209 nunc
1010 1147 1206 1229 amplissimo
1220 1145 1323 1208 induit

368 1262 546 1336 potentatu,
569 1261 601 1314 et
622 1251 656 1312 in
679 1249 768 1331 regni
790 1249 954 1328 fastigium
984 1249 1085 1329 erigit,
1111 1269 1198 1311 nnnc
1224 1247 1323 1312 alium

369 1361 578 1437 purpuratum
603 1362 774 1435 antequam
800 1359 909 1413 natum
941 1350 982 1411 de
1009 1350 1098 1429 regni
1125 1349 1264 1412 culmine
1288 1348 1323 1411 in

372 1464 503 1517 catenas
531 1452 661 1516 hostiles
689 1451 828 1535 projicit,
857 1461 890 1513 et
919 1449 1061 1512 servituti
1091 1449 1266 1526 addictum,
1291 1448 1325 1510 in

374 1554 515 1617 miserias
527 1564 683 1617 extremas
698 1550 889 1635 praecipitat.
928 1552 991 1613 Aut
1005 1550 1092 1633 quod
1104 1549 1253 1633 frequens
1267 1561 1326 1626 est,

375 1676 442 1717 non
465 1654 560 1717 modo
583 1664 800 1736 tyrannorum,
822 1651 881 1713 sed
904 1662 937 1714 et
957 1650 1139 1733 principum
1161 1650 1325 1731 sanguine,

375 1754 559 1818 infimorum
581 1754 756 1830 hominum,
772 1764 827 1815 ant
849 1753 944 1814 etiam
965 1752 1074 1813 vilium
1095 1771 1265 1829 servorum,
1278 1751 1327 1812 in-

377 1849 476 1919 fames
491 1866 636 1919 cntentat
649 1852 794 1937 gladios?

484 1994 513 2045 Si
524 1991 627 2045 fortuna
638 1991 717 2055 volet,
729 1992 820 2061 iuquit,
831 1990 880 2044 fiet
892 1992 925 2044 dc
937 1991 1040 2044 rhetore
1053 1990 1164 2044 Consul:

483 2077 512 2129 Si
522 2076 593 2130 volet
603 2076 659 2130 haec
671 2076 772 2141 eadem,
783 2075 832 2128 fiet
843 2076 876 2132 de
889 2076 1004 2129 Consule
1014 2076 1109 2129 rhetor.

379 2194 418 2255 In
433 2213 537 2276 eoque
559 2193 626 2255 vita
647 2192 812 2255 hominum
835 2191 1027 2272 Tragoediae·
1041 2213 1136 2274 quam
1153 2189 1330 2256 Comoediae

380 2293 597 2358 videturesse
621 2292 767 2368 similior,
792 2291 878 2377 quod
903 2292 1046 2355 omnium
1073 2292 1137 2355 fere
1161 2293 1259 2355 tristis
1285 2302 1334 2356 est

382 2396 497 2473 exitus,
507 2395 583 2457 dum
596 2395 705 2458 omnia
716 2394 828 2456 mundi
840 2392 947 2456 dulcia
959 2404 1208 2476 quantacunque
1219 2392 1336 2456 suerint

384 2504 594 2570 amarescunt,
611 2506 643 2557 et
654 2505 797 2558 extrema
812 2494 920 2575 gaudii
931 2497 1037 2557 luctus
1049 2502 1195 2575 occupat.
1227 2494 1336 2564 Quan-

384 2596 533 2659 tumlibet
549 2596 584 2657 iu
604 2596 663 2657 viis
686 2596 752 2658 suis
773 2596 878 2678 iniqui
897 2596 1041 2670 floreant,
1061 2604 1094 2656 et
1115 2612 1336 2674 prosperorum

384 2717 541 2760 concursu
566 2697 762 2775 inaurentur,
784 2697 831 2759 eis
856 2695 898 2758 ad
923 2706 1037 2757 nutum
1063 2696 1188 2757 fortuna
1214 2693 1339 2770 serviat,

386 2798 546 2859 subvertet
560 2796 593 2857 in
609 2796 673 2859 fine
688 2818 813 2879 gressus
829 2817 949 2875 comm,
960 2806 993 2859 et
1009 2795 1138 2859 tandem
1149 2814 1256 2857 amara
1266 2794 1338 2868 erit,

387 2898 478 2980 quasi
505 2897 708 2960 absinthium.
754 2899 871 2973 Quare,
893 2898 998 2979 inquit
1019 2899 1130 2960 beatus
1151 2897 1227 2973 Job,
1248 2895 1340 2978 impii

387 2996 506 3072 vivunt,
524 2995 682 3059 sublevati
703 3006 786 3069 sunt,
804 2997 1036 3080 confortatique
1053 2994 1191 3059 divitiis?
1222 2997 1340 3060 Samen

387 3118 498 3159 corum
520 3107 684 3180 permanet
706 3117 813 3159 coram
836 3098 894 3174 eis,
908 3097 1160 3179 propinquorum
1182 3099 1287 3171 turha,
1308 3106 1341 3159 et

388 3207 541 3278 nepotum
563 3197 597 3258 in
622 3206 798 3278 conspectu
821 3217 941 3274 eorum,
957 3193 1072 3258 domus
1094 3217 1201 3258 eorum
1223 3217 1342 3259 securae

389 3309 464 3360 sunt
477 3306 510 3359 et
523 3306 656 3380 pacatae,
671 3306 703 3360 et
717 3319 784 3359 non
800 3307 849 3360 est
863 3298 950 3379 virga
966 3297 1029 3359 Dei
1044 3317 1140 3378 super
1153 3298 1236 3367 illos.
1274 3298 1342 3358 Bos

389 3418 499 3460 eorum
522 3398 675 3481 concepit
696 3407 730 3461 et
750 3419 816 3461 non
838 3399 1005 3475 abortivit3
1035 3418 1133 3460 racca
1154 3396 1288 3479 peperit,
1311 3408 1344 3459 et

390 3517 456 3558 non
472 3496 595 3577 privata
610 3507 659 3560 est
677 3497 757 3561 foetu
773 3521 841 3561 suo.
887 3497 1105 3579 Egrediuntur
1128 3496 1219 3579 quasi
1233 3517 1345 3577 greges

390 3595 517 3679 parvuli
541 3616 659 3675 eorum,
686 3610 718 3660 et
742 3598 881 3662 infantes
907 3618 1016 3659 eorum
1041 3597 1186 3659 exultant
1211 3598 1346 3662 lusibus.

392 3698 717 3781 Teneuttympanum
728 3710 761 3762 et
776 3699 942 3774 citharam,
955 3710 987 3760 et
996 3697 1138 3780 gaudent
1149 3698 1190 3761 ad
1207 3700 1346 3762 sonitum

394 3798 513 3880 organi.
559 3799 692 3861 Ducunt
711 3798 856 3860 inbonis
875 3798 946 3861 dies
962 3818 1047 3877 su0S,
1061 3807 1095 3860 et
1112 3799 1146 3860 in
1161 3811 1282 3881 puncto
1305 3798 1348 3862 ad

393 3898 517 3961 inferna
532 3897 741 3961 descendunt.
787 3900 869 3970 Quis
882 3899 1002 3962 laetitiae
1017 3899 1227 3981 praecedentis
1241 3900 1349 3962 exitus

395 4009 502 4080 potest
524 4019 592 4061 esse
615 3998 761 4075 amarior,
783 4009 838 4061 aut
860 3999 963 4062 felicis
986 4000 1045 4061 viae
1071 3999 1228 4062 infelicior
1250 3997 1350 4061 finis?-

398 4099 482 4161 Haec
507 4108 556 4162 est
578 4100 665 4161 enim
688 4099 737 4161 ria
758 4100 896 4176 illorum,
919 4100 1030 4182 quiin
1053 4101 1162 4161 labore
1185 4099 1350 4161 hominum

398 4219 464 4260 non
480 4210 564 4276 sunt,
579 4220 683 4283 neque
699 4220 773 4261 cum
787 4200 974 4262 hominibus
989 4200 1243 4278 flagellabuntur.
1280 4198 1351 4260 Uti-

400 4318 462 4377 que
478 4297 595 4381 dcjecit
610 4321 665 4364 cos
690 4301 860 4367 consilium
876 4298 1020 4375 Domini,
1035 4298 1112 4359 dum
1134 4298 1342 4362 allevarentur
