3384 5234
360 710 379 765 4
620 724 755 768 sonnnls
771 724 1052 771 saneseaniunsrs

366 865 419 939 Sic
434 873 530 958 igitur
546 895 646 958 nugas
660 896 797 959 sparges,
813 898 854 939 ne
872 875 968 939 toedia
982 875 1126 961 gignant,

407 978 491 1052 Quae
507 977 601 1042 rebus
616 977 698 1063 laetis
713 989 786 1042 sunt
801 977 931 1042 inimica
947 978 1049 1046 nimis.

366 1079 400 1144 Si
411 1079 506 1165 jubet
521 1090 557 1144 ut
572 1102 671 1164 nugas
686 1080 796 1163 agites,
812 1102 933 1163 nugare
949 1080 1119 1147 decenter:

410 1183 494 1248 Nam
510 1182 570 1248 sibi
585 1204 757 1269 perungas
772 1182 854 1246 seria
868 1182 977 1246 credet
991 1183 1053 1267 agi.

367 1283 509 1350 Utilibus
524 1307 635 1369 nugas,
652 1285 697 1348 sic
712 1296 800 1370 aptes
816 1283 898 1348 seria
912 1283 1005 1365 ludis,

410 1387 457 1451 Ut
472 1387 530 1451 tibi
545 1386 585 1451 sit
599 1386 744 1471 gravium
760 1385 849 1449 nulla
864 1385 1007 1449 timenda
1021 1407 1144 1450 manus.

367 1490 402 1554 Si
412 1490 507 1574 jubet
521 1500 557 1554 ut
570 1499 687 1567 taceas,
703 1500 806 1553 statua
821 1488 1007 1552 taciturnior
1021 1500 1099 1561 esto.

409 1590 479 1655 Nec
495 1592 631 1656 redimas
647 1590 744 1673 signis
759 1590 857 1653 verba
872 1602 988 1674 negata
1003 1590 1072 1654 tibi.

363 1697 471 1773 'Quum
489 1693 620 1757 satiatus
635 1692 707 1768 erit,
723 1691 773 1753 vel
789 1713 889 1775 quum
905 1691 1026 1775 majora
1041 1692 1210 1768 vocabunt,

409 1793 477 1861 ora
492 1791 668 1855 conductus
684 1789 778 1853 detur
793 1800 829 1851 ut
843 1788 918 1853 inde
933 1790 1002 1853 tibi.

366 1896 381 1958 l
398 1893 490 1972 citus,
506 1903 602 1978 atque
618 1890 704 1967 redi3
728 1912 769 1954 ne
784 1912 921 1977 quorum
937 1912 1067 1976 carpere
1082 1913 1183 1975 nugas

409 1998 516 2059 Ausus
530 2017 575 2071 es,
591 1993 739 2077 infligant
753 1992 828 2069 tela,
846 2015 1024 2079 necemque
1041 2004 1165 2080 parent.

368 2099 480 2162 Unum
495 2096 662 2161 discedens
677 2106 799 2160 secreta
813 2096 919 2181 profer
934 2096 967 2159 in
983 2118 1078 2161 aure:

410 2199 572 2286 Quicquid
586 2209 683 2284 agant
697 2199 761 2274 alii,
778 2209 814 2263 tu
829 2210 1036 2263 memoresto
1051 2200 1109 2264 tui.

368 2304 515 2390 Quaeque
531 2326 604 2367 caro
620 2302 753 2383 frenum,
767 2302 825 2366 flos
839 2302 928 2379 foeni,
944 2301 1046 2387 gloria
1060 2304 1173 2385 camis,

411 2406 493 2469 Haec
507 2405 586 2469 nihil
602 2417 668 2473 est:
691 2404 792 2469 nihilo
806 2406 883 2492 quid
900 2406 1006 2471 minus
1021 2428 1089 2471 esse
1104 2418 1217 2493 potest.

368 2507 508 2572 Munera
524 2508 670 2585 fortunae,
687 2509 803 2573 viscata
818 2518 896 2595 puta
910 2508 1058 2573 vitiorum

412 2610 555 2688 Semina,
572 2621 646 2675 sunt
661 2610 816 2676 scelerum
834 2611 963 2697 pabula,
980 2614 1092 2679 mortis
1107 2613 1178 2679 iter.

368 2714 452 2779 Sunt
466 2712 584 2799 laquei,
602 2724 675 2776 sunt
690 2712 825 2789 insidiae,
841 2723 916 2777 sunt
930 2714 1033 2779 toxica
1048 2716 1168 2794 mortis,

411 2820 514 2896 Quam
530 2838 593 2880 non
609 2815 774 2900 effugient,
791 2839 870 2902 quos
885 2817 946 2881 dea
962 2839 1047 2883 caeca
1062 2818 1148 2883 colit.

368 2920 464 2995 Quod
479 2921 606 2984 fortuna
621 2918 721 2999 dedit,
737 2929 771 2983 et
786 2919 872 3005 quod
887 2919 987 2996 dabit,
1003 2931 1052 2984 est
1066 2921 1218 2998 alienum,

411 3022 547 3087 Auferet
560 3022 620 3086 hoc
636 3031 750 3103 totum,
765 3044 866 3108 quum
882 3022 967 3088 volet
982 3021 1046 3101 illa,
1062 3023 1133 3088 tibi.

369 3123 464 3189 Retia
479 3125 625 3211 pennatis
640 3138 806 3212 nequeunt
820 3126 955 3213 praevisa
970 3148 1095 3203 nocere,

409 3224 463 3289 Tu
480 3247 682 3311 quaecunque
698 3225 796 3301 vides,
813 3226 894 3290 retia
910 3225 1026 3288 mentis
1040 3225 1134 3289 habe.

369 3325 466 3391 Retia
480 3336 554 3389 sunt
569 3345 771 3409 quaecunque
787 3325 885 3400 vides,
901 3324 1129 3409 hominemque
1144 3323 1278 3408 ligatum

414 3427 466 3491 Ad
481 3425 630 3489 miseram
646 3434 781 3488 mortem
799 3446 857 3508 per
871 3424 958 3488 mala
972 3447 1108 3511 quoeque
1124 3426 1263 3495 trahunt.

370 3526 527 3605 Forsitan,
545 3526 630 3592 unde
647 3524 706 3590 tibi
722 3525 816 3591 datur
830 3527 901 3590 hoec
917 3527 1075 3592 audacia?
1096 3542 1231 3616 quaeret,

412 3630 511 3695 Dices
525 3627 570 3693 nil
585 3639 742 3704 metuens,
758 3628 867 3692 omnia
881 3638 968 3693 tutus
983 3628 1057 3713 agit.

371 3733 490 3800 Omnia
504 3742 592 3797 tutus
607 3731 683 3817 agit,
698 3753 795 3819 quem
812 3753 872 3796 nec
887 3753 969 3818 spes,
985 3753 1045 3797 nec
1060 3733 1156 3798 timor
1170 3733 1269 3817 angit,

414 3836 476 3901 Cui
490 3835 574 3901 male
588 3834 677 3901 nulla
691 3836 829 3922 placent,
845 3834 953 3900 omnia
968 3847 1056 3902 tutus
1070 3836 1145 3921 agit.

369 3939 514 4025 Hispana
528 3938 664 4016 rediens,
680 3949 735 4004 aut
752 3938 906 4003 Vasconis
921 3950 1011 4004 utere
1027 3938 1148 4023 lingua,

413 4042 478 4106 Sed
492 4053 600 4105 tamen
616 4041 648 4104 in
664 4040 761 4104 verbo
777 4040 849 4126 plne
862 4040 1025 4124 gravitatis
1040 4040 1133 4107 habe.

370 4128 474 4211 Indue
489 4144 534 4209 sic
547 4144 702 4227 linguam,
717 4144 761 4207 sic
777 4155 880 4207 vestes
895 4143 992 4208 indue
1007 4144 1122 4228 gentis,

413 4247 507 4315 Salva
521 4246 562 4310 sit
577 4257 612 4309 ut
627 4265 751 4308 morum
768 4244 888 4328 regula,
903 4244 990 4310 salva
1004 4246 1095 4310 fides.

368 4351 512 4419 Pendeat
528 4369 567 4412 ex
582 4344 723 4411 humeris
738 4366 814 4409 crux
835 4366 937 4425 aenea,
953 4346 994 4410 sit
1009 4368 1101 4412 coma
1115 4355 1208 4426 tetra,
