3384 5234
302 692 372 739 cir.
389 674 479 752 xxm]
636 672 891 737 torrcmrrcus.
1192 681 1251 758 129

302 848 327 910 si
343 847 383 911 de
396 842 577 911 testimonio
592 842 721 907 dubitas
737 842 876 927 Spiritus
892 842 1013 907 sancti?
1051 844 1105 905 An
1122 843 1253 926 negabis

303 947 430 1011 Esaiam
443 946 571 1021 dixisse,
585 945 626 1006 In
637 943 750 1029 spiritu
764 943 905 1007 morieris
916 958 947 1007 et
960 964 1023 1007 nou
1036 944 1138 1009 vires?
1164 943 1253 1008 Vixit

302 1062 407 1114 tamen
419 1060 450 1111 et
463 1070 526 1110 non
538 1058 682 1109 mortuus
693 1060 750 1120 est,
764 1042 896 1128 adjectis
911 1043 939 1121 ei
955 1043 1044 1109 annis
1058 1044 1253 1131 quindecim,

303 1172 359 1237 per
373 1146 619 1213 misericordiam
634 1147 714 1230 ejus
730 1144 785 1230 qui
801 1145 986 1209 futurorum
1002 1156 1132 1211 eventus
1147 1146 1178 1211 in
1194 1169 1253 1210 sua

303 1251 409 1338 posuit
438 1261 606 1334 potestate.
650 1250 695 1311 Et
725 1246 809 1310 forte
839 1260 985 1324 mortem,
1012 1270 1108 1333 quam
1138 1260 1254 1311 natura

304 1351 516 1435 vitaliumque
532 1349 679 1414 defectus
693 1347 905 1426 intentabant,
922 1348 997 1433 quia
1011 1349 1064 1412 ille
1079 1372 1135 1434 per
1152 1350 1254 1435 poeni-

305 1454 436 1517 tentiam
460 1465 605 1514 mortuus
626 1462 674 1514 est
696 1450 728 1512 in
751 1447 857 1534 culpa,
881 1449 1012 1514 ulterior
1032 1451 1254 1514 comminantis

304 1554 366 1618 Dei
396 1552 560 1616 absorbuit
591 1550 813 1615 misericordia.
876 1550 990 1615 Achab
1019 1574 1148 1637 quoque
1179 1553 1253 1616 Rex

302 1654 520 1741 impiissimus,
541 1675 638 1740 quum
659 1652 792 1716 Jezabel
814 1667 957 1715 nontam
979 1654 1139 1738 conjugio,
1155 1676 1252 1739 quam

303 1754 493 1821 crudelitate
514 1755 694 1839 conjuncta,
709 1775 807 1838 quum
825 1753 947 1817 vineam
964 1755 1065 1818 sancti
1088 1755 1251 1820 Nabuthae

303 1880 415 1921 cruore
425 1856 624 1943 possedisset,
634 1867 767 1919 mortem
776 1855 1253 1940 imminentem,praenunciante

304 1959 456 2034 Domino,
472 1957 687 2044 exspectabat.
732 1956 766 2019 Si
782 1956 860 2020 mihi
874 1979 937 2020 oon
954 1956 1069 2037 credis,
1079 1958 1169 2043 quod
1184 1980 1253 2022 eam

304 2064 394 2125 Deus
413 2059 480 2145 ipse
498 2058 775 2144 praenunciarent,
790 2058 866 2122 audi
891 2057 1028 2122 Heliam.
1074 2059 1133 2123 Ait
1148 2058 1250 2123 enim:

304 2163 385 2226 Haec
394 2162 471 2227 dicit
483 2161 654 2226 Dominus:
674 2159 826 2225 Occidisti
840 2172 872 2224 et
884 2158 1063 2246 possedisti.
1087 2160 1250 2247 Itemque:

305 2258 343 2327 ln
361 2287 430 2349 quo
451 2263 518 2326 loco
538 2262 701 2325 linxerunt
724 2285 816 2325 canes
838 2262 1024 2345 sanguinem
1044 2261 1186 2343 Naboth,
1207 2262 1253 2327 ibi

303 2364 425 2448 lingent
444 2363 629 2447 sanguinem
653 2376 757 2439 tuum,
772 2375 805 2427 et
825 2362 959 2427 ‹le-zabel
979 2379 1073 2426 canes
1087 2363 1253 2428 comedent

303 2463 637 2530 antemurosJearael.
662 2463 754 2541 Quod
767 2486 866 2549 quum
877 2464 1018 2527 audisset
1028 2464 1149 2539 Achab,
1160 2464 1253 2534 scidit

303 2566 489 2632 vestimenta
502 2589 571 2643 sua,
587 2579 619 2631 et
634 2568 741 2651 posuit
759 2588 886 2629 saccum
903 2587 999 2649 super
1013 2581 1138 2628 carnem
1154 2588 1253 2640 suam,

299 2668 522 2753 jejunavitque
545 2682 578 2730 et
605 2665 756 2729 dormivit
780 2666 813 2728 in
837 2665 951 2728 cilicio.
997 2666 1182 2752 Factusque
1204 2679 1253 2731 est

303 2788 405 2831 sermo
422 2768 553 2832 Domini
571 2766 612 2830 ad
630 2766 755 2830 Heliam
773 2766 900 2831 dicens:
933 2767 1017 2841 Quia
1036 2767 1190 2832 reveritus
1205 2780 1252 2832 est

304 2868 420 2932 Achab
439 2868 550 2931 faciem
572 2891 685 2944 meam,
701 2891 763 2931 non
784 2868 933 2932 inducam
955 2868 1073 2931 malum
1091 2868 1123 2931 in
1140 2867 1253 2932 diebus

303 2968 383 3053 ejus.
427 2967 512 3030 Ecce
526 2990 621 3052 poena
635 2991 709 3053 quae
727 2968 905 3032 debebatur
921 2968 1047 3045 Achab,
1062 2968 1139 3055 quia
1152 2967 1256 3052 poeni-·

304 3071 433 3133 tentiam
446 3072 525 3152 egit,
536 3069 683 3134 differtur
694 3071 728 3133 in
740 3081 894 3155 posteros,
904 3080 936 3133 et
950 3069 1080 3133 Jezabel
1091 3071 1123 3133 in
1137 3067 1252 3132 scelere

303 3192 504 3255 perseverans
525 3170 673 3257 praesenti
683 3170 807 3257 judicio
825 3169 1065 3237 condemnatur.
1111 3170 1185 3233 Una
1200 3192 1251 3233 ea-

300 3270 436 3356 demque
467 3270 531 3336 fuit
559 3273 727 3347 sententia,
757 3293 829 3358 quae
859 3273 1044 3356 sanguinem
1074 3271 1189 3336 Achab
1218 3283 1250 3334 et

301 3373 434 3436 Jezabel
463 3374 595 3438 canibus
625 3375 817 3459 exponebat.
861 3378 906 3438 Et
937 3386 1040 3436 tamen
1071 3397 1131 3461 pro
1159 3385 1250 3457 parte

301 3487 458 3551 mutatur,
474 3486 505 3539 et
521 3497 581 3560 pro
603 3488 694 3560 parte
709 3485 815 3540 manet
830 3460 1011 3547 immobilis,
1027 3488 1155 3541 auctore
1170 3488 1250 3539 tem·

301 3593 416 3661 porum
447 3576 490 3639 sic
516 3564 621 3639 omnia
646 3576 858 3662 dispensante.
904 3575 957 3643 Sic
980 3588 1012 3640 et
1039 3569 1205 3652 Ninivitae,
1231 3600 1251 3639 a

301 3677 448 3762 praesenti
468 3676 595 3741 excidio
618 3677 755 3755 liberati,
776 3678 907 3742 Domini
921 3666 1037 3741 ilex-ere
1052 3680 1251 3753 sententiam,

300 3800 339 3840 ex
354 3777 460 3843 edicto
474 3780 557 3862 regis
571 3790 604 3841 et
619 3780 814 3863 principum,
829 3791 960 3863 agentes
977 3779 1195 3863 poenitentiam
1210 3777 1252 3843 ad

299 3878 555 3964 praedicationem
577 3881 681 3943 Jouse.
727 3880 895 3965 Numquid
916 3880 975 3944 tibi
999 3880 1127 3945 videtur
1149 3881 1253 3943 verior

299 3992 330 4047 et
346 3981 471 4045 fidelior
491 3980 647 4046 sententia
669 3981 762 4045 Jovis
782 3995 813 4045 et
836 3983 965 4062 Martis,
980 4004 1074 4069 quam
1098 3983 1254 4047 sententia

299 4083 469 4147 creatoris?
509 4083 581 4146 Non
605 4083 716 4169 utique
739 4082 847 4148 Plauti
870 4083 1000 4147 consilio
1020 4082 1211 4165 acquiesces,
1227 4082 1253 4145 si

299 4182 385 4246 istud
409 4182 527 4248 virium
550 4182 685 4269 planetis
699 4184 916 4271 adscripseris.
961 4186 1068 4260 Quum
1089 4183 1172 4246 enim
1196 4185 1254 4266 Sy-

301 4281 460 4367 cophanta
487 4284 739 4369 Mandrogerum
767 4293 1040 4369 percunctaretur,
1062 4303 1102 4343 an
1123 4280 1170 4344 illi
1192 4283 1255 4345 siut

348 4401 420 4447 vot.
438 4403 489 4447 111.
773 4406 795 4448 a
