3384 5234
254 704 255 708 ,
300 674 369 718 can.
386 656 472 732 xxa]
645 669 899 715 nonrcnamcus.
1190 654 1249 711 113

300 824 484 909 simpliciter
499 822 637 887 recidere
652 824 685 886 in
701 832 828 896 terram,
844 831 898 884 aut
917 818 993 903 quia
1009 820 1095 895 novi,
1111 818 1250 882 recidere

298 945 421 986 necesse
443 935 499 986 est.
553 924 662 985 Potest
684 921 766 984 enim
793 918 933 982 recidere
954 934 986 983 et
1012 940 1075 981 non
1101 918 1250 982 recidere.

299 1028 443 1088 Alterum
460 1037 576 1100 tamen,
591 1022 649 1086 etsi
666 1045 729 1085 non
744 1018 929 1098 necessario,
945 1042 1054 1083 verum
1072 1033 1178 1084 tamen
1193 1031 1252 1086 est.

300 1121 388 1185 Illud
405 1124 515 1208 utique
531 1122 617 1207 quod
631 1120 694 1184 scio
705 1121 870 1184 futurum:
896 1119 921 1182 si
933 1119 1017 1182 enim
1028 1120 1172 1184 futurum
1188 1143 1250 1183 non

298 1241 356 1305 est,
367 1226 424 1289 etsi
441 1226 508 1289 fore
524 1239 665 1311 putetur,
676 1246 738 1287 non
756 1222 854 1287 scitur
870 1235 987 1299 tamen,
999 1223 1148 1308 quoniam
1164 1223 1251 1287 illius

300 1327 386 1411 quod
403 1350 464 1391 non
481 1340 539 1407 est,
555 1349 615 1389 non
633 1326 773 1402 scientia,
789 1325 843 1388 sed
861 1325 970 1410 opinio
985 1337 1042 1389 est.
1089 1326 1251 1388 Caeterum

299 1430 359 1491 etsi
374 1450 437 1490 non
452 1451 519 1492 esse
533 1428 644 1512 possit,
659 1426 739 1490 nihil
753 1425 888 1511 impedit
903 1449 969 1490 esse
986 1426 1160 1502 scientiam,
1177 1449 1250 1511 quae

301 1550 365 1591 non
380 1528 621 1592 necessariorum
646 1541 780 1605 tantum,
796 1526 852 1591 sed
874 1528 1093 1611 quorumlibet
1115 1527 1253 1591 existen-

301 1630 381 1693 tium
399 1643 457 1705 est,
470 1628 529 1692 nisi
544 1629 626 1692 forte
637 1642 668 1693 et
684 1641 719 1694 tu
734 1651 806 1694 curn
825 1629 938 1694 Stoicis
949 1630 1116 1693 existentia
1128 1650 1253 1692 censeas

302 1729 483 1793 necessariis
508 1727 728 1814 comparanda.
775 1728 826 1791 Sic
852 1739 884 1792 et
910 1751 983 1813 quae
1007 1727 1060 1790 ille
1085 1727 1253 1813 praenovit,

303 1830 409 1893 omnia
423 1828 634 1914 proculdubio
645 1828 872 1914 implebuntur.
911 1828 1136 1912 Contingentia
1148 1841 1253 1892 tamen

304 1930 409 1994 omnia
423 1944 455 1995 et
471 1954 532 1993 non
548 1929 673 1994 evenire
687 1929 837 2014 possibile
852 1944 909 1995 est.
954 1930 1048 1993 Adeo
1071 1928 1200 2013 quidem
1217 1941 1253 1994 ut

304 2033 345 2096 ad
360 2035 566 2099 eveniendum
582 2056 642 2113 res,
653 2056 734 2118 quas
749 2056 821 2096 cum
838 2057 876 2096 eo
891 2033 1018 2096 futuras
1029 2035 1254 2118 praenovimus,

303 2158 365 2199 non
381 2135 482 2220 magis
496 2135 607 2221 ipsius,
623 2157 720 2220 quam
743 2148 852 2198 noster
866 2135 954 2198 visus
976 2133 1164 2217 abstringat,
1181 2134 1253 2198 licet
1328 2177 1331 2185 .

303 2238 343 2301 ab
363 2238 449 2301 illius
471 2236 676 2324 dispositione
699 2236 890 2301 subsistendi
906 2237 1041 2300 formam
1063 2236 1168 2300 omnia
1190 2259 1255 2300 sor-

304 2340 435 2415 tiantur,
447 2350 606 2425 quatenus
622 2338 705 2401 bona
720 2349 806 2403 sunt.
844 2333 937 2402 Alias
951 2351 1056 2402 autem
1071 2359 1132 2400 non
1144 2337 1254 2401 formae

304 2440 460 2504 existendi
475 2440 643 2525 imaginem
659 2451 785 2522 gerunt,
802 2438 857 2502 sed
872 2439 1033 2503 defectum
1056 2438 1151 2519 illius,
1165 2462 1255 2503 enor-

304 2541 423 2606 mitatis
452 2565 518 2607 suae
548 2542 627 2605 vitio
659 2554 887 2626 protestantur.
947 2541 1151 2605 Praescientia
1179 2564 1256 2625 ergo

305 2643 400 2707 rebus
413 2666 509 2708 causa
533 2642 698 2706 eveniendi
714 2664 775 2705 non
795 2654 854 2721 est,
868 2654 924 2706 aut
940 2653 1073 2706 eventus
1095 2665 1201 2706 rerum
1226 2643 1255 2706 ei

304 2766 399 2808 causa
425 2756 474 2809 est
506 2742 704 2830 praesciendi,
735 2766 774 2806 ne
804 2757 862 2807 aut
894 2743 1117 2829 temporalium
1150 2757 1256 2808 motus

304 2854 432 2907 aeternae
453 2843 661 2929 providentiae
677 2866 772 2907 causa
787 2845 839 2919 sit,
856 2856 912 2909 aut
935 2868 955 2907 a
976 2844 1146 2930 purissimo
1167 2845 1256 2908 fonte

305 2944 458 3010 bonitatis
473 2948 627 3008 malorum
641 2944 800 3032 profluant
816 2945 922 3011 rivuli.
964 2949 1055 3010 Deus
1070 2969 1145 3009 vero
1160 2946 1258 3016 bono-

305 3069 379 3110 rum
408 3046 567 3111 duntaxat
597 3067 708 3111 auctor
737 3059 794 3111 est.
851 3046 945 3123 Quod
977 3069 1053 3111 vero
1081 3047 1114 3111 iu
1144 3047 1257 3133 topicis

305 3148 403 3233 vulgo
428 3147 591 3233 objicitur,
617 3148 694 3234 quia
722 3147 907 3229 necessario,
933 3148 959 3211 si
985 3147 1065 3233 quid
1092 3149 1257 3234 praescitur

305 3249 440 3328 eveniet,
452 3250 541 3313 nullo
555 3249 699 3314 veritatis
714 3250 827 3313 robore
843 3248 1015 3313 subnixum
1030 3263 1088 3328 est,
1100 3248 1159 3311 nisi
1174 3249 1257 3311 forte

305 3351 401 3414 rebus
430 3351 471 3415 ab
500 3352 586 3415 omni
612 3343 795 3415 necessitate
821 3349 989 3426 absolutis,
1016 3349 1145 3413 modum
1172 3372 1257 3412 com-

305 3451 447 3538 plexioni
476 3453 549 3537 quis
576 3451 708 3529 tribuat,
732 3464 769 3516 ut
798 3452 908 3538 potius
936 3451 1121 3516 necessitate
1151 3474 1259 3516 conse-

305 3552 437 3639 quendi,
460 3576 554 3642 quam
577 3537 799 3638 consequentis
829 3553 1002 3639 propositae
1032 3552 1259 3617 enunciationis

306 3656 422 3720 veritas
433 3668 568 3720 constet.
613 3654 681 3717 Nec
696 3677 746 3718 me
765 3655 913 3730 arctabis,
937 3666 972 3719 ut
996 3654 1068 3718 licet
1090 3654 1259 3740 disposita·

305 3778 376 3820 rum
392 3779 511 3834 rerum,
525 3756 709 3822 mutabilem
724 3756 825 3820 fatear
840 3779 906 3819 esse
921 3765 1080 3832 naturam,
1096 3756 1258 3821 scientiam

306 3859 502 3945 disponentis
511 3860 623 3923 obhoc
632 3859 734 3923 dicam
745 3881 811 3921 esse
822 3858 1023 3937 mutabilem3
1040 3882 1139 3944 quum
1150 3881 1260 3926 secun.
1285 3857 1288 3862 '

306 3960 382 4025 dum
398 3960 499 4048 ipsius
513 3960 655 4025 veritatis
670 3982 820 4023 arcanum
843 3960 1036 4039 (Johanuem
1050 3961 1154 4025 filium
1176 3966 1259 4029 toni-

306 4062 371 4126 trui
386 4064 512 4149 loquor)
528 4061 604 4126 fidei
620 4074 753 4141 constet,
769 4061 844 4146 quia
860 4076 1108 4147 quantacunque
1124 4063 1165 4128 sit
1180 4065 1260 4129 labi·

307 4163 380 4228 litas
394 4166 636 4250 subjectorum
667 4163 755 4248 quod
771 4163 894 4227 factum
918 4178 965 4229 est
984 4164 1017 4227 in
1041 4188 1079 4228 eo
1094 4165 1159 4229 vita
1181 4179 1260 4242 erat,

306 4286 365 4350 per
380 4265 576 4350 quemfacta
591 4276 666 4331 sunt
679 4263 833 4331 universa.
874 4265 957 4350 Ejus
971 4266 1082 4351 itaque
1096 4266 1268 4355 dispositio·
1308 4348 1311 4355 Ι

355 4385 427 4430 von.
445 4386 495 4431 111.
782 4385 794 4428 1
