3384 5234
413 729 474 787 166
672 740 807 787 Jonnnrs
823 737 1104 785 scaasnanmnns
1218 718 1300 798 [ara.
1316 734 1368 781 111.

415 991 493 1077 Cap.
508 994 539 1057 3.
565 993 658 1068 Quod
666 993 818 1075 snperbia
829 992 929 1055 radia
941 996 989 1055 eet
999 992 1142 1053 bmnium
1156 956 1368 1065 moloramet

448 1098 705 1179 eoncupiscentia
719 1097 809 1178 lepra
822 1095 1079 1177 generalisque
1094 1112 1202 1155 manea
1214 1092 1335 1174 inficit.

448 1250 633 1318 Surenam
648 1272 723 1315 vero
745 1248 835 1314 radix
856 1247 1000 1313 omniurn
1022 1247 1179 1312 malorum
1202 1255 1261 1324 est,
1282 1266 1370 1309 rnor-

415 1353 519 1441 tisque
548 1351 736 1420 lomentum.
789 1353 950 1417 Arescnnt
975 1350 1079 1429 rivuli,
1109 1350 1136 1416 si
1164 1349 1261 1414 fontis
1288 1370 1371 1413 vena

415 1454 610 1541 praeciditur.
655 1454 726 1519 Nec
748 1454 827 1519 rarni
850 1454 1086 1530 convalescunt,
1108 1451 1215 1517 radice
1237 1449 1370 1516 succisa.

417 1556 582 1623 Deficiunt
607 1556 695 1640 vitia,
720 1555 745 1621 si
770 1554 868 1620 elatio
886 1555 1064 1642 jugulatur.
1111 1555 1156 1618 At
1181 1553 1207 1618 si
1232 1565 1370 1618 stercora

417 1657 515 1725 radici
541 1668 764 1743 congerantur,
792 1656 1006 1743 pinguescunt
1035 1654 1126 1733 rami,
1152 1666 1186 1719 et
1211 1652 1369 1719 arentium
1405 1666 1410 1677 ·

415 1760 563 1826 sterilitas
585 1759 766 1825 resilvescit.
812 1758 846 1822 Si
870 1757 949 1823 fonti
972 1757 1129 1845 liquentia
1151 1756 1371 1843 superfundas,

417 1862 555 1929 accessio
568 1862 681 1927 transit
695 1862 729 1925 in
745 1860 870 1926 rivulos.
916 1861 951 1928 Si
968 1861 1093 1926 camino
1107 1860 1215 1945 ignem
1231 1858 1372 1945 adjicias,

417 1967 450 2029 in
462 1965 549 2049 ligna
564 1964 747 2028 incendium
760 1962 964 2027 recrudescit.
1005 1962 1059 2027 Sic
1073 1962 1100 2027 si
1114 1962 1234 2027 vitiatoe
1249 1973 1374 2026 naturae

418 2065 564 2131 elationis
592 2066 711 2128 innatae
744 2062 884 2127 toxicum
915 2063 1030 2140 foreas,
1061 2063 1138 2150 quin
1168 2062 1277 2127 vitalia
1305 2062 1376 2148 ipsa

419 2167 618 2233 mortiferum
633 2166 720 2230 virus
738 2164 870 2237 inficiat,
887 2188 948 2230 nec
965 2165 991 2229 si
1010 2164 1157 2252 volueris,
1173 2164 1291 2251 poteris
1313 2165 1374 2228 im-

420 2269 540 2357 pedire.
585 2268 645 2333 Est
659 2267 747 2333 enim
766 2267 916 2333 omnibus
929 2291 993 2334 non
1014 2280 1080 2334 tam
1097 2280 1260 2353 cognatus,
1275 2290 1372 2355 quam

418 2374 547 2437 innatus
568 2394 657 2437 amor
679 2372 737 2437 sui.
783 2371 846 2451 Qui
867 2370 894 2436 si
916 2372 1048 2437 modum
1069 2372 1248 2448 excesserit,
1271 2371 1373 2456 vergit

421 2473 462 2540 ad
477 2473 614 2559 culpam.
653 2472 768 2539 Omnis
782 2472 871 2537 enirn
886 2472 985 2539 virtus
1000 2473 1064 2537 suis
1077 2473 1195 2538 finibus
1208 2472 1375 2551 limitatur,

421 2588 455 2643 et
468 2576 502 2640 in
517 2574 614 2642 modo
628 2574 781 2640 consistit.
813 2574 849 2640 Si
864 2577 1044 2655 excesseris,
1056 2575 1090 2640 in
1104 2575 1192 2641 invio
1206 2598 1251 2655 es,
1263 2588 1296 2641 et
1311 2599 1376 2641 non

422 2679 455 2744 in
471 2676 532 2744 via.
561 2676 596 2742 Si
611 2699 701 2742 amor
719 2676 772 2741 hic
793 2675 974 2757 invaluerit,
989 2700 1086 2743 nemo
1106 2690 1211 2763 speret
1225 2679 1267 2744 de
1289 2700 1376 2745 cura.

424 2782 533 2866 Lepta
558 2778 716 2866 siquidem
742 2775 807 2856 est,
828 2778 1034 2844 incurabilior
1063 2780 1152 2844 omni
1176 2780 1273 2867 lepra
1324 2782 1379 2846 An

425 2881 527 2947 nescis
547 2879 836 2967 concupiscentiam
857 2881 978 2966 lepram
995 2880 1088 2946 esse?
1117 2880 1212 2947 Gieai
1231 2882 1380 2963 consule3

428 2982 463 3049 si
491 2980 657 3048 erubuerit
685 2980 829 3047 confiteri
865 2981 951 3068 quod
981 2982 1089 3064 sentit,
1116 2982 1269 3048 convince
1303 3005 1379 3048 eum

425 3085 552 3152 macula
566 3085 715 3171 corporis.
761 3084 827 3150 Sed
841 3084 921 3172 quid
939 3084 1012 3150 dico
1028 3085 1121 3151 Gieai
1137 3087 1378 3163 consulendum,

425 3209 463 3253 ae
483 3188 509 3253 si
527 3187 612 3252 solus
633 3185 694 3252 sit?
725 3187 849 3253 Orbem
873 3185 1018 3263 conveni,
1040 3187 1219 3273 quiatotus
1243 3187 1381 3253 inlectus

426 3302 484 3357 est.
531 3289 696 3377 Meipsum
717 3290 893 3375 interroga3
918 3290 973 3378 qui
993 3289 1182 3356 miserorum
1202 3313 1285 3355 unus
1298 3313 1380 3356 sum.

428 3394 526 3461 Certe
548 3392 804 3479 concupiscentia
823 3395 940 3458 misera
954 3404 988 3458 et
1009 3393 1198 3459 miserabilis
1218 3394 1309 3480 lepra
1322 3404 1381 3461 est.

430 3494 543 3561 Nescis
567 3493 647 3558 forte
674 3493 751 3580 quid
776 3494 892 3561 dicam.
946 3494 1222 3581 Concupiscentioe
1247 3506 1384 3582 pestem,

428 3595 554 3661 nescius
574 3594 767 3661 infirmitatis
788 3596 925 3683 ignoras,
941 3597 1038 3662 homo
1059 3620 1122 3663 non
1145 3598 1381 3684 concupiscens,

430 3710 465 3763 et
478 3697 511 3761 in
527 3718 566 3761 eo
581 3719 676 3783 supra
695 3697 859 3763 hominem
879 3699 1087 3781 constitutus3
1112 3700 1170 3765 sed
1188 3700 1277 3764 testis
1290 3721 1383 3764 mens

431 3800 466 3865 in
487 3798 568 3864 coelo
590 3799 704 3883 fidelis,
721 3823 848 3865 mecum
871 3802 991 3881 asserit,
1014 3802 1091 3890 quia
1111 3824 1224 3868 omnes
1243 3801 1385 3888 corrupti

432 3913 517 3980 sunt,
540 3912 573 3967 et
594 3902 823 3969 abominabiles
850 3905 925 3970 lacti
947 3920 1032 3986 sunt,
1055 3928 1118 3971 non
1141 3905 1266 3991 estqui
1289 3905 1386 3971 faciat

432 4005 565 4082 bonurn,
586 4026 650 4068 non
672 4016 721 4068 est
743 4006 903 4092 usquead
923 4029 1033 4072 unum.
1080 4009 1133 4070 Aa
1152 4018 1189 4070 tu
1210 4006 1252 4070 sis
1266 4005 1332 4084 ille,
1348 4019 1384 4069 tu

434 4107 559 4172 videris.
600 4107 673 4171 Scio
688 4107 774 4171 enim
788 4131 851 4172 non
868 4131 935 4173 csse
951 4109 1037 4174 hunc
1054 4108 1203 4190 Paulum,
1218 4108 1274 4194 qui
1289 4107 1385 4193 hujus

435 4208 532 4299 pestis
542 4209 670 4274 incursu
682 4208 808 4292 clamat,
818 4223 851 4273 et
862 4210 1055 4295 ingemiscit:
1079 4210 1268 4295 lnfelixego
1279 4210 1386 4289 homo,

435 4317 507 4401 quis
523 4335 573 4379 me
590 4312 737 4393 liberabit
753 4313 792 4390 de
808 4334 938 4399 corpore
953 4313 1063 4379 mortis
1077 4312 1192 4398 hujus?
1215 4313 1288 4380 Scio
1302 4314 1388 4379 hunc
