3384 5234
371 708 440 754 can.
458 692 524 772 ιιι]
714 708 967 755 consonantem.
1261 697 1324 755 265

372 860 633 941 strategematicis
647 860 727 947 ejus,
749 860 953 944 attingamus.
1000 859 1101 922 Porro
1122 857 1150 922 ei
1165 855 1292 923 initium
1306 882 1326 923 a

369 962 545 1027 reverentia
560 962 726 1026 numinum
742 973 801 1039 est,
815 961 905 1026 nobis
919 983 939 1024 a
956 964 1037 1037 Deo,
1052 962 1111 1046 qui
1125 960 1167 1025 ab
1178 958 1326 1025 omnibus

369 1062 558 1145 generaliter
580 1062 734 1128 amandus
755 1076 814 1143 est,
835 1076 868 1127 et
889 1061 1043 1126 colendus
1064 1084 1104 1125 ex
1132 1073 1201 1126 toto
1221 1059 1327 1140 corde,

370 1186 410 1229 ex
437 1177 505 1229 tota
528 1167 643 1243 anima,
670 1187 710 1229 ex
732 1165 882 1229 omnibus
905 1164 1028 1230 viribus
1054 1162 1129 1229 suis.
1173 1163 1327 1229 Probatio

371 1286 446 1328 vero
459 1263 649 1342 dilectionis,
664 1264 819 1329 exhibitio
841 1263 947 1350 operis
961 1277 1019 1328 est.
1064 1264 1110 1328 Et
1126 1262 1199 1328 licet
1220 1285 1279 1350 per
1294 1286 1327 1329 se

368 1365 476 1451 ipsum
492 1368 592 1451 possit
606 1366 717 1446 amari,
732 1375 885 1448 tanquam
901 1362 960 1451 qui
979 1362 1059 1427 citra
1073 1383 1165 1449 opem
1183 1364 1280 1429 medii
1294 1387 1327 1429 se

371 1466 522 1530 infundat
536 1465 665 1543 amanti,
677 1479 781 1531 tamen
797 1465 838 1531 ad
854 1465 978 1531 cultum
988 1464 1178 1529 exteriorem
1191 1465 1328 1551 alicujus

371 1566 552 1632 medietatis
566 1567 763 1631 interventus
778 1565 973 1629 necessarius
987 1578 1049 1645 cst,
1062 1588 1101 1629 eo
1115 1564 1204 1649 quod
1219 1568 1326 1630 Deum

371 1689 464 1731 nemo
478 1666 592 1732 viderit
605 1689 756 1754 unquam.
803 1664 941 1730 Videndi
953 1688 1028 1730 vero
1037 1687 1150 1730 nomen
1162 1664 1204 1728 ad
1216 1665 1324 1752 appel·

371 1769 520 1833 lationem
535 1769 675 1834 omnium
685 1790 835 1834 sensuum
847 1768 1016 1853 utriusque
1031 1780 1155 1832 naturae
1164 1763 1324 1846 dilatabis,

373 1871 450 1957 quia
464 1869 705 1957 praesentialiter
724 1882 756 1935 et
771 1892 851 1957 pure
872 1891 935 1934 non
952 1871 1065 1936 sentiet
1080 1892 1152 1934 eum
1171 1873 1278 1948 homo,
1293 1881 1326 1936 et

372 1973 470 2051 vivet,
484 1971 545 2036 nisi
560 1971 643 2036 forte
657 1994 695 2036 ea
709 1992 857 2038 sensuum
868 1984 972 2058 parte,
986 1996 1061 2058 quae
1072 1972 1213 2059 corporis
1226 1972 1325 2038 nescit

372 2074 546 2159 angustias,
558 2096 616 2138 nec
626 2073 787 2141 defectum
799 2074 951 2163 temporie
967 2076 1074 2153 sentit,
1085 2074 1140 2140 sed
1156 2075 1325 2142 vivacitate

372 2176 432 2253 sui,
461 2198 502 2240 ex
530 2176 635 2261 gratia
666 2190 831 2263 permanet
862 2178 894 2241 in
924 2189 1090 2244 aeternum.
1152 2178 1328 2244 Caritatent

371 2276 497 2362 loquor,
519 2298 594 2361 quae
616 2297 679 2340 non
701 2289 888 2357 evacuatur,
902 2277 958 2342 sed
981 2276 1120 2363 proficit,
1143 2290 1263 2363 quanto
1283 2276 1325 2342 ad

371 2400 457 2458 eum,
470 2399 566 2465 quem
582 2375 753 2458 desiderat,
767 2375 955 2442 familiarius
969 2378 1102 2443 accedit.
1148 2379 1231 2441 Nam
1246 2377 1326 2442 tides

371 2477 477 2542 velum
500 2477 609 2554 habet,
631 2490 662 2541 et
686 2500 758 2564 spes
780 2476 820 2540 de
842 2478 956 2561 gratiae
979 2480 1145 2563 meritique
1172 2478 1325 2555 fomento,

372 2578 593 2645 conscientiam
609 2577 820 2657 demulcente,
835 2577 903 2641 voti
919 2577 968 2641 sui
991 2577 1134 2642 laetitiam
1157 2576 1190 2641 in
1216 2578 1326 2645 futura

371 2678 543 2765 protendit.
590 2677 688 2742 Fides
709 2679 823 2763 itaque
852 2691 885 2743 et
915 2701 986 2765 spes
1007 2678 1173 2743 imitantur
1195 2678 1325 2763 quidem

371 2800 509 2858 sensum,
524 2779 702 2843 subsistunt
718 2792 823 2844 tamen
838 2779 930 2857 citra,
945 2792 1077 2866 agentes
1090 2780 1219 2845 interim
1233 2780 1326 2866 quasi

372 2903 429 2967 per
445 2878 621 2965 speculum,
644 2892 676 2944 et
691 2880 723 2944 in
745 2881 926 2964 aenigmate,
944 2879 1046 2945 donec
1065 2902 1173 2947 earum
1196 2881 1326 2966 species,

371 2984 541 3045 immutata
576 2980 719 3045 veritatis
751 2981 940 3059 substantia,
975 2981 1117 3067 plenarie
1154 2981 1325 3048 illucescat.

372 3086 435 3162 Qui
451 3082 630 3148 veronulla
641 3094 746 3169 potest
761 3105 853 3148 sensu
870 3084 1036 3171 perspicue
1045 3083 1158 3166 videri,
1169 3084 1262 3149 facile
1272 3107 1327 3149 ne-

372 3186 443 3272 quit
459 3185 598 3270 agnosci.
643 3183 738 3259 erod
753 3196 936 3250 autemnon
951 3184 1143 3271 agnoscitur,
1155 3185 1325 3271 diligenter

371 3286 431 3351 coli
447 3308 508 3350 non
525 3297 641 3371 potest,
664 3284 723 3349 nisi
738 3308 796 3370 per
818 3285 969 3353 medium.
1014 3286 1112 3351 Unde
1133 3300 1165 3351 et
1181 3290 1323 3353 Numam

373 3388 569 3473 Pompilium
598 3387 789 3453 ceremonias
818 3388 973 3475 quasdam
1007 3388 1143 3475 legimus
1174 3388 1324 3453 indixisse

372 3489 525 3556 Romanis
546 3502 579 3554 et
601 3488 763 3565 sacrificia,
786 3502 825 3554 ut
847 3489 908 3556 sub
928 3489 1157 3555 immortalium
1179 3492 1321 3555 Deorum

372 3603 546 3678 praetextu,
558 3594 600 3657 ad
616 3591 780 3655 colendam
797 3591 959 3678 pietatem,
975 3591 1159 3675 religionem
1168 3603 1201 3658 et
1215 3591 1324 3670 fidem,

371 3705 403 3760 et
418 3708 545 3769 caetera,
560 3716 634 3782 quae
649 3693 695 3757 eis
717 3692 864 3758 intimare
878 3693 1016 3772 volebat,
1037 3697 1122 3780 ipsos
1135 3693 1263 3760 facilius
1278 3693 1324 3783 in-

372 3798 497 3862 vitaret.
535 3798 709 3861 Testantur
720 3798 780 3860 hoc
794 3794 909 3860 ancilia
923 3809 1022 3882 atque
1036 3794 1325 3875 Palladium,sacra

372 3897 521 3983 quoedam
535 3896 662 3984 imperii
679 3899 823 3983 pignora,
838 3898 862 3961 J
863 3919 943 3962 anus
957 3897 1091 3979 bifrons,
1100 3896 1176 3962 belli
1191 3912 1223 3961 et
1239 3895 1325 3982 pacis

371 3999 502 4076 arbiter,
524 3998 615 4062 focus
635 4002 743 4064 Vestae
766 3998 945 4084 virginibus
966 4013 1175 4077 consecratus,
1205 4020 1270 4083 quo
1291 3997 1325 4062 in

372 4098 490 4161 honore
519 4097 696 4161 coelestium
722 4098 863 4163 siderum
885 4102 1024 4175 flamma,
1054 4111 1162 4163 custos
1190 4096 1326 4182 imperii,

369 4197 491 4280 jugiter
512 4196 666 4282 vigilaret.
712 4198 776 4264 Sed
791 4210 823 4261 et
848 4220 950 4262 annus
969 4200 1002 4263 in
1017 4220 1139 4262 menses
1158 4196 1324 4263 duodecim

372 4294 536 4374 dilatatus,
565 4297 721 4363 fastorum
745 4309 777 4362 et
799 4297 995 4362 nefastorum
1025 4298 1151 4361 dierum
1177 4297 1324 4361 varietate
