3384 5234
437 704 480 761 86
705 712 843 757 sossius
857 686 1137 758 sauunnmnusrs
1256 697 1338 777 [un
1354 717 1392 760 11.

441 887 540 950 quam
562 862 746 928 daemonum
774 876 870 940 nutu,
893 863 1000 929 sedem
1027 864 1149 942 statuit,
1170 876 1203 929 et
1225 880 1395 932 sementem

441 965 578 1034 Romani
592 964 729 1049 generis,
743 968 776 1027 in
792 964 888 1029 horto
902 964 960 1052 qui
975 966 1022 1029 eis
1039 966 1285 1052 complacuerat,
1300 971 1396 1033 semi·

439 1070 538 1132 navit.
584 1064 675 1138 Quid
700 1064 785 1128 enim
811 1063 897 1129 aliud
925 1067 994 1150 agit
1015 1067 1047 1129 in
1070 1071 1187 1132 somnis
1208 1081 1300 1155 pater
1323 1073 1393 1134 An-

438 1169 551 1247 chises,
576 1166 656 1253 quid
684 1166 826 1252 Jupiter,
851 1166 931 1252 quid
958 1168 1086 1254 Apollo,
1113 1169 1191 1255 quid
1222 1170 1288 1251 alii,
1312 1194 1394 1257 quos

438 1271 572 1355 longum
586 1283 636 1335 est
657 1268 815 1333 recitare?
853 1267 952 1331 Unde
972 1269 998 1331 si
1019 1269 1060 1333 de
1080 1269 1198 1333 semine
1216 1269 1272 1334 illo
1293 1294 1396 1352 genus

439 1373 544 1438 oritur
566 1371 754 1446 toxicatum,
776 1368 911 1456 impium
933 1368 966 1432 in
991 1372 1111 1448 Deum,
1132 1372 1261 1437 crudele
1284 1372 1317 1436 in
1339 1373 1396 1438 ho

440 1480 551 1553 mines,
571 1474 785 1560 persecutioni
810 1487 991 1537 sanctorum
1016 1473 1201 1558 invigilans,
1222 1475 1286 1539 lide
1310 1499 1394 1553 rara,

440 1578 583 1644 sollemni
598 1574 743 1663 pertidia,
754 1574 868 1640 servile
879 1574 1033 1651 moribus,
1044 1576 1130 1641 fastu
1145 1578 1262 1663 regale,
1272 1578 1392 1643 fredum

439 1681 585 1756 avaritia,
614 1676 847 1765 cupiditatibus
875 1675 1010 1759 insigne,
1044 1678 1194 1761 superbia
1222 1680 1392 1756 tumidum,

440 1780 622 1844 omnimoda
656 1777 797 1863 nequitia
831 1798 895 1839 non
931 1775 1110 1857 ferendum,
1139 1782 1299 1846 miraculis
1331 1804 1392 1845 non

440 1883 536 1948 debet
554 1880 707 1953 adscribi3
738 1901 839 1965 quum
855 1890 968 1943 auctor
989 1902 1097 1944 eorum
1114 1881 1274 1947 homicida
1295 1883 1392 1947 fuerit

440 1985 482 2049 ab
502 1985 607 2060 initio,
625 1998 656 2047 et
681 2007 701 2047 a
715 1985 850 2047 veritate
863 1981 1023 2062 deficiens,
1038 1982 1169 2047 iuridiae
1184 1984 1307 2069 spiculo
1325 1987 1395 2051 orbi

439 2099 595 2148 terrarum
617 2084 759 2148 infixerit
782 2096 927 2147 mortem.
973 2082 1041 2156 Qui
1066 2108 1144 2168 ergo
1170 2108 1209 2148 ex
1237 2109 1275 2148 eo
1300 2100 1392 2172 patre

439 2200 525 2264 sunt,
548 2186 705 2272 etsi-ejus
731 2200 891 2271 nequeant
916 2185 1048 2276 implere
1075 2207 1267 2267 mensuram,
1292 2187 1393 2252 solent

440 2305 544 2353 tamen
560 2288 647 2351 illius
661 2287 779 2352 imitari
797 2286 968 2353 malitiam:
989 2287 1063 2351 licet
1083 2290 1115 2351 in
1131 2287 1225 2352 horto
1245 2288 1300 2352 illo
1314 2312 1392 2352 non-

438 2390 542 2454 nullas
557 2390 692 2475 plantas,
709 2414 781 2474 quae
804 2390 934 2454 virtutis
948 2389 1090 2453 fructum
1105 2387 1288 2472 illigatione
1304 2394 1393 2476 Apo

439 2492 549 2557 stolica
560 2492 695 2567 faciunt,
707 2513 802 2555 manu
815 2490 936 2557 domini
946 2502 1068 2555 constet
1080 2513 1147 2554 esse
1159 2493 1300 2556 insertas.
1330 2493 1393 2556 Sed

438 2595 464 2660 si
475 2599 548 2682 quis
557 2595 598 2659 ab
609 2594 701 2659 initio
711 2594 945 2660 urbisconditae
958 2606 1058 2658 totam
1068 2593 1208 2659 revolvat
1216 2594 1392 2672 historiam,

440 2721 494 2761 eos
505 2697 678 2763 ambitione
689 2711 721 2761 et
733 2696 866 2761 avaritia
877 2719 945 2782 prae
956 2699 1080 2760 caeteris
1093 2696 1243 2781 gentibus
1253 2697 1393 2762 inveniet

438 2799 609 2876 laborasse,
625 2812 657 2863 et
672 2799 769 2863 variis
788 2798 996 2862 seditionibus
1016 2812 1049 2863 et
1068 2798 1172 2883 plagis
1192 2811 1298 2863 totum
1320 2822 1394 2863 con-

439 2904 573 2969 cussisse
588 2903 708 2966 orbem.
750 2901 818 2988 Ipsi
828 2924 958 2987 quoque
969 2899 1150 2987 tyrannidis
1160 2914 1192 2966 et
1203 2900 1393 2966 seditionum

440 3028 582 3085 suarum,
595 3019 659 3069 tam
671 3004 782 3069 crebra
794 3003 912 3068 damna
922 3016 1097 3085 senserunt,
1106 3018 1143 3069 ut
1155 3007 1211 3068 vix
1223 3004 1391 3090 quisquam

439 3108 620 3196 principum
646 3130 755 3171 eorum
780 3107 820 3171 ad
844 3108 968 3172 exitum
996 3107 1082 3187 vitae,
1104 3119 1219 3171 natura
1245 3108 1393 3183 ducente,

440 3210 629 3293 pervenerit.
675 3208 772 3271 Unde
792 3222 823 3272 et
844 3206 924 3272 illud
942 3209 1137 3292 Satyricum,
1153 3207 1218 3271 illis
1232 3206 1393 3294 aptissime

437 3309 532 3374 facit:

543 3416 587 3467 Ad
598 3432 724 3482 generum
736 3414 850 3473 Cereris,
862 3416 919 3467 sine
930 3416 1001 3466 caede
1013 3421 1040 3467 et
1051 3417 1187 3482 sunguine,
1198 3418 1274 3487 pauci

542 3496 711 3550 Descendunt
722 3512 808 3562 reges,
821 3501 849 3547 et
860 3496 928 3547 sicca
939 3503 1023 3549 morte
1035 3499 1147 3565 tyranni.

437 3595 475 3656 In
499 3589 664 3675 scripturis
686 3610 817 3674 quoque
839 3589 998 3653 canonicis
1020 3590 1229 3657 inveniuntur
1254 3596 1392 3679 plurima

437 3690 586 3755 oracula:
610 3701 648 3753 ut
665 3711 764 3774 quum
779 3688 898 3774 Joseph
914 3691 945 3752 in
962 3689 1080 3754 somnis
1094 3689 1135 3753 ab
1150 3693 1263 3776 angelo
1278 3695 1394 3779 saepius

435 3789 598 3856 eruditur:
623 3789 730 3873 Magis
741 3788 955 3867 interdicitur,
964 3812 1004 3852 ne
1015 3787 1196 3854 redeantad
1211 3792 1389 3858 Herodem:

434 3894 567 3957 docetur
582 3894 697 3956 Petrus
718 3890 750 3953 in
774 3889 934 3975 reptilium
950 3889 1143 3970 linteamine,
1157 3892 1388 3977 plenitudinem

434 3998 576 4084 gentium
590 3995 810 4081 colligendam.
848 3998 894 4059 Et
909 4018 1008 4080 quum
1026 3994 1153 4059 visitato
1168 3997 1208 4060 ab
1225 4000 1391 4083 Apostolis

433 4098 654 4175 Constantino,
670 4100 772 4162 crucis
792 4109 933 4160 erectum
954 4110 1002 4161 est
1023 4096 1055 4160 in
1075 4098 1200 4183 imperii
1222 4123 1293 4164 arce
1312 4125 1388 4166 vex-

430 4205 531 4285 illum,
543 4215 574 4267 et
587 4224 663 4287 pace
675 4199 812 4265 ecclesiis
824 4197 983 4276 restituta,
997 4200 1145 4285 majestas
1156 4202 1243 4265 orbis
1255 4202 1386 4287 publica

431 4331 505 4373 voce
524 4304 767 4385 scriniariorum,
783 4303 1011 4367 advocatorum
1032 4318 1063 4367 et
1082 4303 1241 4390 judicum,
1257 4330 1381 4372 omnem
