3384 5234
292 694 361 739 cae.
379 675 432 754 u]
634 694 889 741 nom‘cnamcus.
1203 688 1241 745 61

292 844 521 909 contemnenda
539 868 634 931 quam
657 846 816 931 fugienda.
858 849 991 913 Certum
1014 848 1170 933 siquidem
1187 863 1245 931 est,

291 944 379 1030 quod
396 944 601 1030 diligentibus
612 950 716 1011 Deum
729 947 834 1009 omnia
846 961 1056 1033 cooperantur
1068 948 1101 1011 in
1114 948 1244 1014 bonum.

290 1046 439 1111 Infideles
459 1060 565 1112 autem
591 1060 622 1111 et
644 1049 805 1131 reprobos,
820 1061 875 1113 aut
896 1049 990 1114 etiam
1011 1051 1193 1115 haesitantes
1212 1052 1245 1115 in

289 1149 363 1226 fide,
379 1148 489 1213 multis
502 1149 660 1233 permittit
677 1152 765 1213 Deus
786 1147 1058 1214 ludificationibus
1073 1150 1245 1237 subjacere.

290 1250 406 1317 Omina
418 1265 522 1316 tamen
538 1252 644 1314 omnia
657 1263 780 1316 tantum
797 1264 942 1333 possunt,
954 1266 1111 1337 quantum
1128 1254 1248 1339 excipi-

292 1354 374 1415 entis
388 1351 466 1415 fides
481 1350 648 1436 permittit.
687 1351 784 1414 Unde
799 1363 831 1415 et
846 1350 956 1415 Julius
970 1355 1077 1418 Caesar
1092 1353 1180 1417 nullo
1192 1377 1246 1419 au-

292 1454 397 1537 gurio,
419 1451 546 1515 nullave
575 1450 811 1536 superstitione,
835 1476 855 1514 a
884 1475 1077 1539 quocunque
1107 1455 1247 1545 incoepto

293 1554 400 1639 potuit
412 1554 588 1617 absterreri.
616 1554 760 1637 Contigit
773 1553 855 1616 enim
867 1566 902 1618 ut
913 1554 1106 1642 quandoque
1118 1556 1150 1619 in
1163 1556 1248 1621 Afri-

296 1678 365 1718 cam
379 1655 506 1737 navigio
518 1654 717 1741 proficiscens
729 1655 759 1718 in
771 1677 899 1739 egressu
911 1656 999 1719 navis
1011 1657 1246 1742 prolaberetur:

295 1754 796 1843 versoitaqueadmeliusomine3
821 1757 933 1820 Teneo
946 1759 1111 1844 te,inqnit,
1120 1759 1246 1825 Africa:

295 1882 429 1944 eamque
442 1858 591 1951 obtinuit.
637 1861 797 1922 Praeterea
813 1857 1010 1943 Calpburnia
1034 1883 1114 1923 uxor
1128 1862 1198 1947 ejus
1212 1886 1249 1926 ea

295 1974 398 2040 nocte,
423 1982 518 2048 quam
543 1960 571 2023 is
596 1960 629 2047 in
654 1973 738 2023 terra
763 1959 907 2024 nltimam
932 1961 1042 2045 gessit,
1069 1962 1149 2027 vidit
1175 1986 1248 2027 eum

294 2062 402 2127 multis
437 2061 621 2126 vulneribus
656 2060 834 2125 confectum
871 2061 903 2125 in
940 2063 1010 2127 sinu
1043 2087 1101 2128 suo
1126 2065 1248 2149 -jacere,

294 2187 473 2249 rogansque
500 2176 536 2228 ut
562 2163 615 2227 die
641 2164 786 2248 sequenti
813 2186 831 2225 a
857 2164 947 2226 curia
975 2165 1160 2243 abstineret,
1186 2189 1251 2255 uoq

294 2267 444 2346 obtinuit,
460 2289 498 2329 ne
513 2265 566 2329 ille
581 2266 613 2329 in
631 2269 697 2330 vita
713 2288 770 2329 sua
784 2265 907 2351 aliquid
932 2266 1090 2345 timidum,
1106 2291 1249 2353 quocun·

295 2393 355 2456 que
370 2366 512 2453 auspicio
532 2369 633 2453 egisse
654 2367 826 2432 videretur.
867 2369 906 2431 In
927 2368 1051 2432 excidio
1068 2370 1250 2435 Massilien-

296 2472 389 2550 sium,
401 2470 509 2533 lueum
522 2470 579 2556 qui
592 2469 652 2533 diis
664 2483 805 2533 sacratus
817 2470 1007 2546 habebatur,
1019 2470 1141 2555 primus
1153 2495 1250 2546 ausus

199 2615 205 2630 .
296 2584 342 2636 est
358 2571 488 2647 caedere,
501 2570 640 2656 probans
657 2592 690 2632 se
705 2570 746 2633 ab
760 2571 845 2633 omni
864 2572 1089 2656 superstitione
1100 2572 1249 2636 alienum.

296 2678 415 2739 Beatus
430 2695 560 2758 quoque
582 2673 714 2735 Marcus
734 2672 972 2754 evangelizandi
997 2696 1094 2743 causa
1110 2674 1252 2737 Alexan-

298 2776 397 2838 driam
414 2774 623 2861 proficiscens,
636 2794 737 2857 quum
754 2795 863 2835 navem
877 2796 1020 2859 egressus
1035 2773 1172 2859 rupisset
1187 2773 1249 2837 cal·

298 2899 399 2951 ceum,
415 2876 532 2960 gratias
547 2898 655 2960 agens,
664 2877 725 2938 iter
741 2896 833 2938 suum
851 2874 1036 2960 expeditum
1049 2898 1114 2939 esse
1130 2887 1252 2960 protes·

299 2990 389 3042 tatus
410 2989 468 3040 est.
506 2976 632 3061 Siquis
651 2986 820 3037 revocatur
843 2974 926 3037 inter
948 2974 1103 3048 eundum,
1125 2996 1187 3038 non
1210 2974 1252 3039 ob

299 3080 372 3155 hoc,
399 3080 426 3142 si
451 3078 529 3164 quid
555 3077 586 3140 in
615 3077 741 3140 nomine
767 3076 899 3139 Domini
924 3076 1030 3140 fuerat
1059 3074 1252 3153 inchoatum,

299 3180 535 3267 praetermittat‚
562 3178 622 3242 nisi
651 3179 733 3243 forte
762 3199 886 3242 omnem
918 3180 1148 3242 revocationem
1176 3176 1255 3241 omi-

300 3304 408 3345 nosam
431 3304 501 3345 esse
521 3284 606 3345 corvi
628 3280 839 3367 persuadetur
870 3278 1029 3365 exemplo,
1056 3279 1113 3365 qui
1141 3278 1254 3343 coloris

299 3383 404 3448 amisit
420 3395 629 3459 venustatem,
646 3384 721 3446 dum
739 3394 905 3446 revocatus
920 3404 938 3444 a
954 3382 1089 3458 cornice,
1103 3381 1253 3467 progredi

301 3483 414 3547 maluit
438 3507 530 3569 quam
554 3506 691 3548 manere.
731 3484 793 3547 His
814 3506 889 3546 vero
905 3505 993 3546 mens
1015 3482 1110 3568 nugis
1125 3483 1255 3547 incauta

301 3585 475 3666 seducitur,
489 3586 542 3649 sed
560 3584 664 3649 fidelis
678 3606 881 3671 nequaquam
899 3585 1081 3671 acquiescit.

293 3871 297 3880 '
360 3859 439 3943 Cap.
456 3864 486 3921 2.
511 3858 769 3922 contemnendas
783 3878 845 3921 non
861 3879 926 3921 csse
939 3861 1070 3920 cannino
1085 3879 1193 3921 rerum

538 3961 743 4023 iratundiam
759 3961 1018 4043 sipniflcotiones.

347 4096 423 4159 Non
436 4106 554 4168 tamen,
566 4092 638 4157 licet
649 4092 755 4155 omnia
767 4115 847 4155 vana
858 4116 935 4173 esse,
946 4093 1107 4179 fidemque
1116 4094 1258 4176 auguriis

304 4218 440 4260 asseram
452 4217 516 4257 non
528 4192 719 4272 habendam,
731 4193 804 4257 ideo
818 4194 994 4277 signorum,
1007 4218 1080 4279 quae
1092 4216 1110 4256 a
1125 4193 1258 4276 disposi-

305 4298 390 4361 tione
406 4297 514 4361 divina
529 4296 569 4360 ad
586 4294 793 4359 erudiendam
813 4307 991 4359 creaturam
1008 4315 1153 4358 concessa
1171 4304 1257 4369 sunt,
