3384 5234
409 662 471 722 lat
678 675 814 721 noturus
832 674 1111 721 snassnnmnnsrs
1212 658 1306 738 [mn.
1323 680 1360 725 11.

411 836 512 901 eraut,
534 825 652 888 mutari
673 847 734 888 non
756 824 930 911 poterant?
953 828 1034 890 Haec
1055 848 1184 912 quoque
1205 829 1363 893 sententia

410 947 468 990 uec
482 926 646 1010 gentilium
664 928 870 1013 philosophos
886 928 989 1005 latuit,
1005 928 1061 1014 qui
1082 929 1223 993 fatorum
1248 930 1360 994 seriem

411 1028 523 1092 dicunt
544 1028 748 1108 immobilem,
770 1051 832 1092 uon
856 1033 932 1115 quia
955 1030 1074 1094 moveri
1090 1050 1152 1093 non
1173 1031 1283 1116 possit,
1305 1032 1361 1095 sed

411 1128 488 1216 quia
508 1130 624 1194 moveri
644 1130 772 1194 omuino
794 1154 856 1194 non
877 1133 1044 1217 contingit.
1090 1134 1177 1198 Hinc
1194 1146 1242 1197 est
1256 1132 1357 1197 illud:

613 1240 695 1293 Exire
705 1257 722 1292 a
733 1239 825 1292 mediis
836 1242 920 1311 potuit
933 1240 1070 1293 Pharsalia
1080 1240 1150 1294 fatis.

410 1337 557 1421 Itemque
572 1334 743 1421 poeticum,
753 1357 819 1420 quo
831 1358 925 1399 senex
942 1337 1145 1401 Carnotensis
1159 1338 1191 1401 in
1204 1336 1359 1422 augustiis

408 1436 547 1501 fortuuae
561 1436 761 1525 frequentius
777 1438 940 1515 utebatur,

613 1546 682 1599 Fata
693 1547 762 1599 viam
774 1547 915 1611 invenient,
934 1549 981 1603 &a

407 1644 491 1720 Quae
506 1665 581 1706 vero
595 1641 701 1728 elapsa
716 1654 800 1720 suut,
815 1655 846 1706 et
863 1642 1002 1706 secundo
1017 1642 1232 1728 dispositionis
1244 1643 1358 1709 effectu

409 1743 578 1830 completa,
591 1742 779 1807 naturaliter
794 1743 924 1827 quidem
942 1764 1002 1805 non
1020 1760 1151 1828 possunt
1167 1767 1229 1807 non
1243 1745 1358 1819 fuisse;
1385 1804 1389 1812 .

409 1844 481 1908 licet
505 1843 583 1908 nihil
605 1866 741 1907 asserere
762 1843 794 1906 in
815 1842 969 1907 alterutro
990 1843 1124 1907 audeam
1148 1844 1180 1908 in
1211 1846 1360 1930 injurium

409 1945 614 2029 disponentis.
659 1944 713 2008 Ait
733 1955 838 2007 tamen
860 1943 1025 2007 doctorum
1049 1943 1247 2010 doctissimus
1270 1947 1362 2025 (Hie-

408 2066 576 2130 ronymum
597 2042 722 2124 loquor)
739 2042 903 2106 Audenter
916 2046 1041 2127 loquar,
1056 2043 1130 2107 licet
1147 2046 1237 2108 Deus
1252 2048 1359 2111 omnia

407 2143 517 2230 possit,
544 2142 698 2224 virginem
723 2154 828 2205 tamen
855 2153 927 2226 post
956 2142 1080 2205 ruinam
1110 2144 1263 2208 suscitare
1293 2167 1356 2209 non

408 2255 522 2330 potest.
587 2245 696 2306 Potest
732 2254 836 2306 tamen
874 2265 1024 2306 coronare
1058 2257 1251 2329 corruptam.
1311 2249 1358 2311 Et

406 2343 536 2429 quidem
559 2340 777 2405 diffinitionem
809 2341 953 2426 virginis,
977 2342 1086 2407 eodem
1116 2344 1360 2430 interpretante,

406 2441 580 2528 Apostolus
594 2438 696 2526 ponit,
709 2451 746 2504 ut
761 2438 802 2503 sit
823 2440 914 2524 virgo
936 2462 1009 2525 quae
1028 2455 1135 2507 sancta
1156 2455 1204 2507 est
1227 2468 1359 2531 corpore

407 2556 438 2609 et
469 2542 594 2629 spiritu.
650 2539 712 2605 Sed
742 2540 953 2626 proculdubio
983 2542 1072 2608 Deus
1101 2555 1134 2608 et
1163 2545 1358 2610 sanctificare

406 2646 541 2711 animam
572 2642 757 2719 virtutibus,
784 2655 816 2707 et
845 2665 969 2707 carnem
1000 2656 1105 2729 potest
1142 2646 1358 2732 redintegrare

406 2760 600 2832 corruptam,
615 2756 651 2807 ut
675 2756 742 2807 tota
764 2743 942 2807 substantia
963 2744 1013 2807 sui
1034 2744 1132 2808 videri
1155 2747 1267 2830 possit,
1282 2771 1356 2833 quae

407 2849 576 2923 ceciderat,
599 2844 760 2930 suscitata.
814 2842 912 2918 Quod
935 2848 972 2923 si,
995 2846 1131 2910 oratorio
1153 2860 1247 2932 tropo
1269 2872 1359 2927 usus,

407 2950 565 3017 intellexit
594 2970 668 3036 quae
696 2946 827 3011 fuerunt
856 2969 918 3011 non
949 2971 1040 3034 posse
1065 2972 1127 3013 nou
1154 2950 1264 3028 fuisse,
1295 2976 1356 3016 non

407 3076 533 3119 necesse
547 3050 610 3116 fuit
633 3049 673 3114 ad
689 3049 843 3135 virginem
860 3062 1051 3134 prostratam
1070 3072 1242 3133 recurrere,
1256 3076 1356 3139 quum

408 3159 440 3219 in
470 3152 639 3240 praeteritis
666 3152 814 3216 omnibus
849 3152 944 3216 simili
973 3152 1128 3218 sententia
1162 3154 1211 3217 vel
1241 3177 1357 3230 errore,

407 3256 468 3320 hoc
476 3255 559 3318 idem
570 3250 708 3338 potuerit
721 3250 865 3313 inveniri.
902 3251 1095 3314 Sententiam
1109 3274 1183 3314 vero
1198 3253 1239 3316 ab
1254 3276 1357 3319 errore

408 3360 540 3424 scienter
550 3354 670 3431 divido,
685 3377 723 3418 eo
735 3353 822 3436 quod
833 3353 989 3416 sententia
999 3377 1122 3439 semper
1137 3353 1253 3421 habere
1263 3358 1357 3423 debet

407 3457 548 3523 veritatis
570 3451 839 3536 significationem.
887 3453 975 3516 Sicut
1005 3454 1092 3540 apud
1116 3467 1261 3523 sanctum
1290 3460 1356 3523 Job

406 3558 545 3624 invenis:
571 3553 650 3631 Quis
664 3565 711 3616 est
726 3551 785 3615 iste
799 3542 964 3615 involvens
980 3556 1151 3621 sententias
1159 3561 1356 3626 sermonibus

405 3656 586 3743 imperitis?
610 3653 673 3718 Sed
696 3652 778 3717 forte
800 3653 991 3737 virginitatis
1015 3656 1130 3742 aliquis
1155 3661 1274 3743 gradus
1297 3674 1357 3738 est,

405 3780 500 3847 quem
512 3753 706 3841 impossibile
717 3767 1140 3841 estoquacunquecorrupta
1149 3759 1354 3846 apprehendi.

406 3858 500 3940 Quod
516 3869 622 3920 autem
633 3854 782 3939 possibile
791 3855 921 3931 dicitur,
939 3856 1097 3921 interdum
1107 3858 1148 3922 ad
1158 3858 1355 3940 facilitatem,

405 3985 479 4051 quae
502 3957 635 4043 singulis
657 3956 749 4034 inest,
779 3956 828 4019 vel
858 3980 897 4020 ex
921 3958 1059 4024 fortunae
1082 3958 1215 4037 calculo,
1237 3958 1287 4022 vel
1313 3983 1354 4024 ex

406 4061 586 4150 aptitudine
597 4057 820 4144 dispositionis,
835 4059 983 4135 refertur,
995 4060 1189 4145 quandoque
1201 4060 1241 4125 ad
1254 4061 1356 4146 ipsam

405 4187 511 4232 rerum
538 4173 681 4224 naturam
705 4160 844 4244 respicit,
874 4184 959 4225 nunc
984 4162 1023 4224 ad
1054 4160 1172 4226 fontem
1202 4161 1356 4240 omnium,

405 4267 543 4333 divinam
561 4260 732 4326 reflectitur
746 4264 953 4349 majestatem,
966 4286 984 4326 a
1000 4286 1064 4347 qua
1075 4262 1176 4327 omnis
1186 4286 1249 4329 nou
1262 4266 1357 4329 modo
