3384 5234
368 689 438 732 cre.
454 672 551 751 xv11.]
605 716 608 725 .
721 687 974 734 eonvcnsrrous.
1281 676 1322 734 93

366 839 443 903 iacti
468 837 605 924 explicet
629 843 795 917 rationem,
821 840 878 903 nisi
906 839 992 925 quod
1019 839 1095 903 boni
1118 837 1249 923 spiritus
1271 840 1322 902 vel

367 940 496 1024 maligni
520 939 723 1023 exigentibus
746 940 911 1003 hominum
934 941 1069 1015 meritis,
1084 962 1138 1001 eos
1160 939 1321 1013 erudiunt,

367 1042 417 1106 vel
427 1041 591 1106 illudunt?
617 1041 717 1107 Novit
729 1041 823 1120 enim,
834 1044 1034 1127 Hieronymo
1043 1039 1324 1118 referente‚catbo-

368 1144 427 1208 lica
442 1155 543 1207 mater
558 1144 698 1220 ecclesia,
714 1141 877 1229 quomodo
897 1142 936 1207 ad
962 1141 1100 1207 tribuual
1117 1141 1237 1227 judicis
1260 1142 1323 1207 Dei

369 1259 491 1332 raptus,
507 1269 544 1309 eo
560 1247 647 1333 quod
664 1246 754 1311 libris
768 1244 935 1329 gentilium
952 1245 1170 1309 vehementius
1191 1244 1325 1309 inhaere-

369 1362 429 1425 ret,
452 1348 570 1412 ibidem
597 1360 725 1412 coactus
747 1360 795 1412 est
821 1346 966 1433 profiteri
989 1370 1020 1410 se
1047 1345 1132 1411 ultra
1158 1347 1323 1430 gentilium

370 1449 470 1513 libros
485 1470 547 1511 non
571 1447 666 1511 modo
688 1469 750 1510 non
775 1446 943 1521 lecturum,
960 1446 1015 1510 sed
1039 1469 1096 1510 nec
1117 1447 1212 1510 etiarn
1235 1446 1324 1510 babi-

371 1564 491 1615 turum.
549 1551 634 1613 Ante
659 1549 815 1634 siquidem
846 1548 1071 1634 professionem
1098 1549 1322 1635 interrogatus,

371 1674 471 1736 quum
488 1674 521 1714 se
545 1650 662 1714 diceret
684 1650 916 1726 Christianum,
932 1650 960 1712 ei
989 1673 1009 1713 a
1033 1650 1144 1737 judice
1169 1654 1321 1737 probrose

370 1752 532 1838 objectum
549 1765 606 1828 est,
623 1752 709 1838 quod
732 1774 793 1815 non
818 1775 895 1815 suus
917 1764 997 1827 erat,
1015 1751 1070 1815 sed
1088 1752 1322 1819 Ciceronianus.

374 1855 446 1918 Hoc
462 1866 567 1918 tamen
581 1877 644 1918 non
659 1854 810 1919 audacter
833 1855 946 1918 somnii
961 1853 1180 1919 affirmaverim
1196 1879 1323 1921 censen·

371 1954 447 2019 dum
464 1954 600 2030 nomine,
616 1977 719 2039 quum
734 1954 818 2018 idern
834 1954 1053 2019 veracissimus
1067 1967 1099 2019 et
1114 1955 1323 2041 prudentissi·
1378 1991 1380 1995 ,

371 2078 441 2120 mus
456 2056 569 2121 doctor
583 2056 729 2120 umbram
743 2055 857 2120 somnii
867 2078 930 2120 non
944 2055 1053 2130 fuisse,
1066 2058 1121 2120 sed
1137 2079 1200 2120 rem
1214 2079 1322 2120 secum

369 2159 522 2224 veraciter
551 2158 603 2245 agi
631 2162 772 2223 Domino
801 2159 961 2235 visitante,
991 2161 1086 2223 etiam
1111 2159 1322 2245 jurisjurandi

369 2262 520 2347 religione
547 2261 720 2325 confirmet.
767 2262 812 2325 Et
839 2276 874 2325 ut
899 2260 1023 2347 plenam
1048 2261 1229 2326 assertionis
1254 2283 1322 2325 suae

368 2364 463 2428 faciat
494 2363 602 2440 fidem,
629 2362 760 2427 livorem
788 2363 951 2428 verberum
978 2366 1011 2427 in
1042 2377 1125 2439 cute,
1153 2364 1320 2427 vulnerum

369 2464 531 2529 cicatrices
559 2462 804 2550 expergefactus
833 2462 973 2527 ostendit
1003 2462 1034 2526 in
1065 2486 1205 2549 corpore.
1261 2463 1323 2527 Sed

370 2589 468 2651 quum
484 2566 553 2629 haec
572 2588 591 2629 a
607 2565 771 2650 spiritibus
784 2551 868 2629 circa
883 2564 1024 2629 homines
1039 2566 1127 2642 fiant,
1141 2589 1211 2629 earn
1226 2566 1324 2629 solam

369 2690 474 2731 rerum
500 2666 670 2751 imaginem
694 2664 797 2729 fidelis
821 2665 925 2730 anima
949 2687 1011 2728 non
1035 2677 1234 2749 aspernatur,
1249 2689 1323 2751 quae

369 2768 578 2831 innocentiam
596 2767 748 2852 relinquit
762 2770 965 2834 incolumem.
1005 2766 1101 2841 Quod
1118 2767 1143 2830 si
1158 2768 1322 2832 materiam

372 2864 457 2927 vitiis
472 2862 592 2939 afferat,
603 2864 767 2928 libidinem
783 2864 868 2930 forte
879 2862 1063 2940 accendens,
1075 2877 1132 2929 aut
1146 2866 1323 2943 avaritiam,

372 2979 429 3029 aut
457 2965 641 3030 dominandi
670 2968 817 3052 ingerens
850 2967 1042 3053 appetitum,
1072 2978 1129 3031 aut
1167 2968 1322 3053 quicquid

372 3068 558 3153 hujusmodi
578 3081 625 3133 est
647 3069 688 3132 ad
713 3070 948 3133 subversionem
972 3067 1096 3144 animae,
1112 3068 1325 3155 proculdubio

372 3183 428 3235 aut
458 3194 532 3234 caro
560 3183 617 3235 aut
646 3170 778 3257 spiritus
807 3169 967 3256 malignus
995 3169 1146 3235 immittit.
1202 3173 1266 3249 Qui
1292 3172 1324 3234 in

374 3273 527 3358 quosdam
558 3272 762 3356 exigentibus
791 3272 904 3359 culpis,
935 3273 1075 3338 Domino
1110 3273 1323 3358 permittente,

373 3388 462 3439 tanta
482 3374 613 3440 malitiae
636 3399 701 3441 suae
724 3376 849 3440 licentia
871 3376 1099 3448 debacchatur,
1123 3390 1158 3441 ut
1182 3376 1269 3462 quod
1290 3381 1323 3443 in

374 3477 487 3561 spiritu
503 3478 683 3564 patiuntur,
699 3478 872 3542 miserrime
887 3491 919 3543 et
941 3478 1179 3543 mendacissime
1194 3479 1324 3546 credant

372 3579 406 3641 in
434 3579 618 3664 corporibus
644 3580 778 3644 evenire.
824 3582 926 3658 Quale
949 3595 996 3646 est
1024 3581 1111 3667 quod
1135 3582 1324 3647 nocticulam

372 3681 530 3766 quandam
546 3681 595 3744 vel
615 3681 843 3759 Herodiadem,
860 3683 910 3746 vel
925 3682 1090 3767 praesident
1106 3684 1209 3748 noctis
1224 3684 1324 3749 domi-

371 3805 441 3846 nam
455 3782 586 3846 concilia
597 3795 627 3846 et
644 3795 820 3847 conventus
832 3782 871 3846 de
883 3798 975 3849 nocte
986 3796 1129 3849 asserunt
1140 3807 1325 3862 convocare,

371 3884 459 3947 varia
470 3883 622 3948 celebrari
634 3883 790 3963 convivia,
801 3884 1047 3950 ministeriorum
1063 3884 1181 3969 species
1193 3884 1326 3952 diversis

371 3984 633 4070 occupationibus
662 3985 813 4060 exerceri,
843 3997 874 4048 et
908 4008 993 4050 nunc
1021 3986 1099 4052 istos
1128 3985 1167 4049 ad
1199 4010 1325 4073 poenam

372 4086 454 4150 trahi
478 4110 539 4172 pro
562 4087 693 4165 meritis,
716 4108 800 4151 nunc
826 4087 898 4151 illos
924 4087 964 4151 ad
991 4088 1123 4172 gloriam
1151 4089 1324 4154 sublimari.

374 4188 533 4252 Praeterea
555 4187 693 4252 infantes
715 4189 831 4274 exponi
859 4189 972 4266 lamiis,
995 4202 1027 4254 et
1053 4212 1137 4254 nunc
1162 4191 1325 4257 frustatim

373 4285 560 4373 discerptos,
572 4287 660 4350 edaci
672 4285 813 4372 ingluvie
828 4289 860 4352 in
873 4302 1013 4351 ventrem
1027 4290 1175 4374 trajectos
1186 4292 1325 4377 congeri,
