3384 5234
373 701 484 781 nucu]
717 716 974 763 maroaarrcus.
1288 705 1328 764 lo

373 883 459 947 sunt,
470 871 530 935 nisi
546 869 622 954 quia
636 869 792 954 quicquid
804 870 925 952 ubique
936 870 1019 933 bene
1036 868 1158 934 dictum
1172 878 1231 947 cst,
1242 870 1327 935 facio

372 993 489 1050 memn,
504 982 536 1035 et
549 970 631 1037 illud
652 991 740 1033 nunc
761 970 840 1033 meis
860 968 901 1033 ad
923 967 1162 1053 compendium,
1176 990 1263 1033 nunc
1284 970 1327 1034 ad

371 1072 470 1136 fidem
485 1070 752 1136 etauctoritatem
765 1067 877 1132 alienis
892 1069 1038 1152 exprimo
1049 1070 1162 1132 verbis.
1193 1071 1240 1134 Et
1250 1070 1328 1153 quia

373 1174 471 1237 semel
482 1173 568 1255 ccepi
579 1172 718 1235 revelare
730 1170 847 1232 mentis
859 1190 986 1246 arcana,
999 1171 1211 1252 arrogantiam
1222 1192 1327 1236 meam

372 1274 499 1358 plenius
520 1272 702 1337 denudabo.
747 1271 869 1335 Omnes
891 1291 965 1353 ergo
989 1270 1046 1357 qui
1072 1271 1154 1335 mibi
1174 1271 1209 1334 in
1230 1273 1327 1335 verbo

373 1386 428 1439 aut
453 1395 549 1458 opere
575 1372 840 1458 philosophantes
867 1380 1051 1449 occurrunt,
1077 1393 1167 1435 meos
1191 1374 1327 1437 clientes

373 1498 444 1541 esse
459 1476 603 1553 arbitror,
618 1485 649 1539 et
664 1472 752 1560 quod
768 1472 873 1556 majus
894 1485 952 1551 est,
968 1472 1049 1536 mihi
1062 1472 1199 1538 vendico
1213 1474 1248 1537 in
1263 1494 1325 1538 ser-

295 1630 297 1636 .
373 1579 524 1655 vitutem3
543 1577 623 1640 adeo
638 1575 766 1660 quidem
782 1574 869 1638 utin
884 1573 1109 1638 traditionibus
1123 1575 1190 1638 suis
1204 1576 1328 1660 seipsos

372 1699 432 1763 pro
447 1698 499 1740 me
514 1677 632 1759 linguis
653 1676 808 1760 objiciant
831 1674 1054 1740 detractorum.
1100 1676 1186 1738 Nam
1200 1685 1233 1740 et
1253 1677 1328 1740 illos

360 1778 469 1843 *hudo
492 1788 646 1843 auctores.
692 1778 808 1861 Neque
831 1775 923 1839 illum
944 1775 1165 1840 Alexandrum
1187 1776 1262 1856 vidi,
1276 1779 1328 1842 vel

374 1880 553 1945 Caesarem:
582 1901 643 1944 nec
661 1879 837 1955 Socratem,
853 1878 1069 1955 Zenonemve,
1083 1878 1252 1941 Platonem
1272 1890 1329 1943 aut

372 1983 574 2047 Aristotelem
590 1982 790 2066 disputantes
806 1980 914 2044 audivi
923 2004 933 2057 3
964 1979 1004 2043 de
1018 1980 1070 2044 bis
1085 1991 1192 2045 tamen
1207 1989 1240 2045 et
1257 1982 1329 2046 aliis

373 2106 464 2169 aeque
478 2084 609 2167 ignotis,
624 2084 666 2147 ad
680 2083 851 2148 utilitatem
867 2082 1040 2164 legentium
1063 2081 1157 2146 retuli
1178 2083 1325 2166 plurima.

372 2185 462 2249 Cedo
489 2196 598 2249 tamen
619 2206 661 2248 ne
683 2184 792 2248 videar
815 2184 1022 2248 contentione
1048 2184 1197 2266 gaudere,
1220 2194 1326 2249 etms

371 2288 525 2351 officiosis
555 2288 656 2351 fateor
681 2307 775 2350 usum
805 2308 876 2350 esse
905 2285 1094 2362 mendaciis,
1120 2294 1153 2349 et
1181 2287 1209 2349 si
1236 2287 1328 2350 aliter

372 2391 504 2452 aemulus
519 2411 587 2453 non
602 2389 752 2474 quiescit,
768 2388 921 2472 quoniam
936 2397 969 2452 et
990 2410 1049 2471 ego
1066 2409 1172 2452 meum
1187 2388 1326 2453 Comifi·

370 2489 458 2553 cium
478 2489 585 2554 habco
607 2499 638 2553 et
660 2488 853 2566 Lanuvium,
877 2512 928 2555 me
953 2490 1118 2553 mendacii
1141 2510 1231 2554 reum
1255 2510 1326 2553 asse

369 2592 547 2671 consentio,
563 2592 618 2676 qui
634 2592 787 2675 scriptum
802 2592 888 2671 novi,
903 2593 979 2676 quia
1000 2592 1216 2656 omnishomo
1237 2612 1325 2655 men·

369 2694 454 2771 dax;
483 2694 565 2758 adeo
588 2693 730 2777 quidem,
746 2704 781 2757 ut
802 2716 865 2758 neo
886 2704 1011 2758 vastum
1033 2703 1158 2778 pectus,
1180 2692 1325 2775 turgidus

370 2804 488 2873 venter,
513 2794 636 2859 tumida
660 2794 759 2858 facies
785 2803 817 2858 et
841 2795 1033 2873 rubicunda,
1057 2795 1169 2878 lingua
1193 2814 1325 2878 procax,

369 2896 502 2969 insulsa,
528 2907 560 2959 et
585 2896 722 2979 paratior
746 2917 851 2960 mores
877 2897 1045 2962 corrodere
1070 2896 1201 2973 alienos,
1226 2915 1325 2979 quam

371 2998 524 3081 corrigere
546 3020 632 3076 suos,
654 3010 797 3062 nostrum
823 2998 983 3081 receperit
1006 2996 1197 3061 Lanuvium.
1241 2995 1325 3069 Quis

369 3099 440 3183 ipse
467 3099 518 3177 sit,
538 3099 600 3163 nisi
626 3101 668 3163 ab
693 3098 817 3184 injuriis
842 3108 1009 3182 temperet,
1031 3097 1149 3176 dicam,
1171 3108 1204 3161 et
1227 3097 1325 3180 plana

370 3211 554 3282 cognoscet,
566 3201 641 3284 quia
650 3201 860 3264 inveteratum
875 3220 958 3278 esse,
967 3199 1097 3282 plenam
1111 3219 1178 3262 non
1191 3197 1326 3277 confert,
1348 3263 1355 3277 ,

369 3322 430 3364 uec
443 3301 599 3384 integram
614 3311 717 3366 servat
727 3302 959 3365 auctoritatem.
996 3299 1157 3364 Procedat
1171 3308 1277 3363 amen
1293 3306 1327 3362 et

285 3430 292 3438 ⁸
370 3401 523 3484 publicet,
538 3411 649 3485 arguat
663 3424 772 3466 meum
786 3404 911 3468 ratione
925 3398 975 3465 vel
990 3401 1179 3466 auctoritate
1194 3400 1326 3466 menda·
1349 3475 1351 3480 ,

370 3502 466 3580 cium,
491 3511 523 3567 et
552 3525 612 3586 ego
638 3507 689 3567 vel
714 3504 756 3568 ad
785 3504 913 3569 inimici
938 3525 1051 3568 vocem
1076 3525 1142 3567 uon
1172 3504 1324 3587 refugiam

370 3602 550 3681 emendari3
581 3605 647 3668 imo
666 3616 698 3669 et
720 3605 858 3670 amicum
881 3605 1007 3683 ducam,
1023 3604 1078 3688 qui
1100 3628 1207 3669 meum
1230 3606 1324 3670 casti·

368 3704 459 3786 gabit
478 3724 625 3769 errorem.
671 3705 706 3769 si
729 3715 835 3771 tamen
850 3717 882 3770 et
901 3706 1021 3770 alicubi
1043 3718 1210 3770 auctorum
1233 3706 1325 3770 aliter

368 3793 464 3890 quam
487 3804 678 3889 scripserim,
698 3808 887 3884 inveniatur,
906 3829 972 3870 non
994 3806 1067 3871 ideo
1090 3808 1251 3871 constabit
1272 3829 1324 3871 me

367 3926 438 3970 esse
450 3909 628 3982 mentitum,
642 3930 742 3993 quum
753 3909 786 3972 in
799 3909 1063 3991 strategematicis
1074 3908 1255 3983 historicos,
1267 3909 1324 3993 qui

366 4009 548 4092 frequenter
568 4012 610 4075 ab
627 4011 765 4075 invicem
789 4010 955 4089 dissident,
971 4010 1033 4074 sim
1055 4020 1221 4095 sequutus,
1235 4021 1268 4075 et
1288 4011 1323 4074 in

365 4109 601 4196 philosophicis
619 4112 802 4190 academice
824 4110 1004 4197 disputans,
1021 4133 1079 4197 pro
1101 4113 1233 4178 rationis
1255 4135 1323 4178 mo·

366 4209 455 4290 dulo,
466 4234 540 4296 quae
551 4215 771 4291 occurrebant,
782 4212 965 4296 probabilia
979 4221 1119 4276 sectatus
1132 4233 1214 4277 sum.
1250 4215 1322 4278 Nec

365 4310 633 4377 Academicorum
645 4315 798 4379 erubesco
813 4314 1057 4398 professionem,
1067 4313 1124 4397 qui
1138 4313 1173 4377 iu
1184 4313 1235 4377 his
1249 4332 1321 4395 quae
