3384 5234
405 686 468 751 168
660 702 796 749 Josums
811 696 1090 748 sraasanarausrs
1207 682 1291 767 [nra.
1308 706 1360 751 111.

404 856 509 938 batur,
523 853 698 939 extinguat.
745 853 799 919 Ad
813 853 884 918 hoec
905 853 1086 919 auditomm
1108 876 1204 920 aures·
1221 855 1360 933 obturat,

310 1035 313 1041 ,
405 980 446 1022 ne
461 956 595 1022 audiant
608 978 739 1033 verum3
769 978 833 1043 quo
850 955 929 1043 quid
944 956 1042 1042 possit
1061 979 1129 1022 esse
1144 957 1361 1045 perniciosius,

404 1082 468 1125 non
484 1059 576 1125 facile
591 1058 738 1124 dixerim.
769 1059 893 1124 Scitum
908 1069 957 1123 est
970 1058 1052 1124 illud
1067 1059 1173 1138 Laelii,
1188 1071 1244 1125 aut
1258 1059 1363 1145 potius

319 1165 321 1170 ’
406 1161 588 1229 Ciceronisz
616 1162 717 1247 Cujus
731 1183 825 1227 aures
839 1159 957 1225 clausae
972 1173 1047 1226 sunt
1060 1160 1186 1226 veritati
1201 1172 1237 1226 ut
1251 1183 1362 1226 verum

405 1265 516 1331 audire
536 1287 601 1330 non
621 1264 731 1351 possit,
754 1265 824 1348 ejus
845 1263 930 1329 salus
951 1263 1150 1349 desperanda
1169 1277 1226 1330 ast
1272 1263 1361 1338 Quid

404 1390 480 1433 vero
493 1367 656 1433 infidelius
671 1390 769 1456 quam
790 1388 877 1443 eum,
894 1365 946 1431 cui
961 1367 1060 1431 fidem
1080 1366 1209 1444 debeas,
1224 1366 1361 1432 circum·

404 1473 513 1538 venire
536 1471 708 1537 verborum
733 1470 909 1549 blanditiis,
931 1469 1070 1534 ludibrio
1094 1469 1232 1547 habitus,
1254 1480 1362 1555 gestus

405 1574 693 1660 transfiguratione,
718 1585 752 1639 et
778 1573 876 1639 totius
904 1572 1052 1638 vanitatis
1076 1571 1235 1638 lenocinio
1260 1595 1361 1638 excre-

404 1689 524 1756 catum,
540 1678 573 1742 in
590 1677 698 1743 sordes
713 1677 862 1743 vitiorum
871 1676 1040 1762 impellere
1055 1687 1089 1741 et
1102 1675 1361 1763 praecipitationis

405 1779 580 1869 abyssum?
612 1780 701 1856 Quid
730 1779 880 1845 odibilius
906 1779 1018 1844 fraude
1043 1790 1077 1844 et
1102 1780 1186 1858 dolo,
1212 1802 1277 1866 quo
1301 1779 1360 1844 sub

405 1885 546 1970 imagine
560 1884 676 1948 amoris
690 1893 724 1947 et
738 1881 824 1959 fidei,
840 1882 875 1946 in
895 1881 1073 1969 simplicem
1087 1894 1120 1947 et
1135 1882 1301 1947 credulum
1316 1892 1360 1959 et,

406 1986 492 2073 quod
522 1983 741 2048 detestabilius
768 1994 828 2057 est,
851 1982 1003 2060 amicum,
1027 1983 1171 2067 perfidiae
1196 1995 1230 2048 et
1254 1984 1362 2049 inimi-

407 2089 553 2153 citiarum
581 2085 726 2171 nequitia
751 2085 942 2149 exercetur?
979 2086 1052 2150 Hoc
1076 2086 1232 2172 siquidem
1259 2110 1361 2171 genus

405 2186 571 2253 hominum
594 2186 702 2251 omnia
717 2185 918 2273 loquentium
936 2185 978 2250 ad
992 2186 1198 2271 voluptatem,
1215 2188 1256 2250 ad
1278 2188 1361 2251 veri·

405 2300 503 2355 tatem
525 2287 615 2358 nihil.
661 2288 770 2352 Verba
787 2287 850 2353 oris
871 2288 940 2374 ejus
963 2286 1113 2375 iniqnitas
1134 2299 1168 2352 et
1184 2289 1287 2368 dolus,
1304 2290 1360 2375 qui

404 2393 501 2458 etiam
524 2390 703 2456 errantibus
723 2390 844 2471 amicis,
859 2390 901 2455 ad
922 2413 1033 2455 eornm
1052 2391 1289 2456 subversionem
1311 2392 1361 2456 in-

404 2494 558 2581 geminat,
570 2517 663 2581 cuge,
678 2516 770 2579 cuge.
817 2495 909 2571 Quos
923 2504 958 2559 ut
973 2493 1099 2580 plenius
1118 2495 1251 2572 noveris,
1269 2496 1360 2560 Gna-

405 2598 537 2664 thonem
559 2598 646 2685 apud
663 2597 831 2664 Comicum
852 2596 936 2677 vide,
952 2610 985 2662 et
1006 2596 1084 2684 quid
1105 2598 1147 2662 de
1167 2619 1202 2663 se
1224 2597 1362 2664 fateatur

405 2701 560 2768 ausculta.

476 2812 569 2880 Negat
579 2812 645 2881 quis,
657 2830 735 2881 nego,
746 2813 792 2878 ait,
805 2814 856 2866 aio.
893 2813 1014 2882 Denique
1025 2813 1149 2884 imperari
1160 2819 1265 2881 egomet
1275 2814 1350 2879 mihi,

475 2898 573 2951 Omnia
585 2899 722 2951 assentari.

408 3017 493 3084 Tota
503 3016 595 3082 enim
610 3016 875 3102 gnathonicorum
890 3017 997 3097 factio,
1013 3018 1170 3084 comoedia
1184 3031 1241 3085 est.

792 3151 883 3217 Rides,
895 3153 992 3225 majore
1003 3153 1127 3207 cachinno

476 3238 641 3303 Concutitur3
659 3236 715 3302 flet,
727 3237 750 3289 si
760 3237 908 3306 lachrymas
919 3240 1058 3310 conspexit
1068 3239 1154 3304 amici,

476 3325 535 3377 Nec
547 3324 635 3377 dolet:
653 3322 795 3391 igniculum
806 3324 829 3374 si
840 3324 939 3377 brumae
953 3332 1070 3397 tempore
1081 3343 1181 3397 poscas,
1213 3396 1215 3398 ‚

478 3410 581 3481 Accipit
593 3409 785 3473 endromidem3
803 3410 826 3461 si
838 3410 936 3463 dixeris
948 3412 1053 3475 AEstuo,
1065 3412 1152 3465 sudat.

412 3526 508 3591 Unde
527 3523 712 3589 Umbricius
726 3524 840 3611 iuquit,

478 3635 540 3687 Non
552 3652 639 3688 sumus
651 3653 714 3703 ergo
723 3653 813 3707 pares:
830 3635 922 3690 melior
933 3638 977 3705 qni
989 3656 1099 3711 semper,
1111 3647 1138 3694 et
1149 3644 1219 3694 omni

479 3720 566 3774 Nocte
579 3721 674 3790 dicque
686 3727 772 3793 potest
783 3722 898 3775 alienum
910 3740 1010 3777 sumere
1021 3725 1131 3791 vultum,

479 3806 505 3859 A
517 3805 583 3860 facie
591 3807 691 3879 jactare
702 3824 802 3873 manus,
813 3808 920 3861 laudare
931 3815 1045 3880 paratus,

478 3895 506 3946 Si
518 3894 586 3946 bene
596 3894 714 3956 metavit,
728 3899 774 3946 aut
785 3894 807 3946 si
819 3894 882 3963 quid
892 3892 954 3947 fecit
965 3897 1064 3949 amicos

477 3980 555 4043 Quod
567 3978 680 4050 proferre
691 3978 776 4049 palam
788 3997 838 4032 non
849 3980 932 4051 possit
940 3980 1032 4049 lingua
1042 3981 1167 4035 modeste.

410 4100 506 4175 Quod
521 4100 651 4186 quidem
669 4120 730 4161 non
748 4100 844 4164 modo
858 4099 973 4178 amico,
989 4102 1045 4166 sed
1059 4124 1101 4167 ne
1116 4102 1216 4168 libero
1231 4102 1361 4171 homine

407 4202 542 4285 dignum
566 4212 624 4276 est,
642 4223 741 4287 quum
765 4224 839 4265 vera
862 4212 895 4266 et
913 4203 1008 4268 unica
1033 4203 1162 4269 libertas
1184 4205 1216 4269 in
1240 4205 1365 4273 virtutis

409 4302 546 4391 speciem
575 4303 677 4381 cadat,
704 4312 737 4370 et
762 4303 926 4389 turpitudo
952 4328 1031 4392 quos
1057 4306 1168 4387 inlicit,
1193 4322 1362 4396 postremae
