3384 5234
364 716 383 771 6
624 726 758 771 noturus
775 725 1054 770 snsssnnuruusrs

368 876 551 961 Indignum,
567 875 656 939 litem
672 876 698 939 si
713 885 840 960 tempus
855 874 922 957 egit
937 874 1034 939 breve
1049 874 1188 960 longam,

410 979 519 1063 Digna
533 977 662 1065 quidem
678 999 742 1041 uon
758 989 832 1041 sunt
846 988 992 1063 tempora
1007 978 1103 1061 longa
1116 977 1216 1045 brevi.

368 1082 479 1159 Quum
496 1083 537 1145 de
554 1102 587 1145 re
602 1090 736 1159 constat,
749 1102 813 1144 non
829 1080 870 1144 sit
885 1080 926 1144 de
941 1080 1071 1167 nomine
1087 1102 1212 1166 pugna3

412 1184 462 1248 Ne
478 1184 583 1249 loveat
599 1184 688 1247 litem
704 1182 778 1248 lana
792 1183 922 1267 caprina
936 1182 1003 1247 diu.

369 1285 532 1371 Quicquid
547 1284 593 1349 vis
606 1284 704 1362 dicas,
719 1283 796 1348 dum
812 1283 853 1347 sit
866 1296 963 1368 caput
976 1283 1032 1349 illa
1049 1284 1221 1362 Britannis,

411 1385 517 1461 Quam
534 1384 593 1449 tibi
608 1383 780 1470 praesignat
795 1383 928 1467 angelus
942 1406 1015 1449 arce
1030 1384 1161 1451 micans.

356 1487 511 1571 ‘Angelus
532 1486 591 1551 iste
613 1486 684 1573 quis
706 1496 763 1563 est,
780 1498 836 1550 aut
851 1508 924 1573 quae
940 1485 1054 1551 domus
1068 1486 1139 1567 ista,
1153 1484 1320 1573 requires?

411 1588 560 1674 Namque
576 1608 673 1650 novos
688 1607 794 1650 rerum
809 1585 912 1649 forma
926 1608 1054 1652 movere
1068 1585 1158 1653 solet.

369 1690 451 1754 Hoec
466 1700 514 1752 est
528 1687 584 1751 illa
598 1686 723 1764 domus,
741 1707 815 1771 quse
832 1685 996 1751 Christum
1011 1688 1114 1773 prima
1129 1689 1266 1775 recepit:

413 1794 442 1855 A
457 1812 521 1876 qua
536 1787 674 1872 suscepit
688 1785 792 1850 insula
805 1796 874 1849 tota
887 1786 996 1852 fidem.

370 1892 479 1959 Insula
493 1903 561 1956 tota
575 1890 672 1954 fidem
689 1888 784 1973 cepit,
801 1887 942 1974 fideique
958 1903 1122 1974 parentem

412 1994 580 2069 Praedicat,
597 1990 730 2067 extollit,
746 1990 846 2073 audit,
862 1991 1007 2069 honorat,
1023 2005 1119 2060 amet.

369 2096 502 2163 Consilii
516 2095 624 2180 magni
639 2094 665 2158 si
680 2094 762 2159 nosti
777 2094 858 2158 forte
872 2094 1028 2172 datorem,

412 2199 486 2264 Nou
502 2201 564 2264 erit
577 2199 704 2283 ignotus
718 2197 851 2282 angelus
866 2197 925 2261 iste
940 2196 1010 2262 tibi.

370 2300 515 2386 Angelus
530 2324 548 2366 e
564 2300 694 2386 specula
708 2311 810 2364 totum
827 2297 1042 2384 circumspicit
1057 2300 1179 2379 orbern,
1214 2326 1216 2330 ¹

413 2404 457 2468 Et
471 2425 584 2489 corpus
598 2403 711 2488 pennis
726 2399 884 2480 subvehit,
899 2412 997 2487 atque
1011 2400 1101 2486 tegit.

369 2508 423 2575 Sic
437 2506 524 2570 videt
538 2528 556 2570 e
571 2504 710 2592 specula,
726 2504 770 2569 sic
787 2503 925 2590 protegit
938 2503 1047 2568 omnia
1061 2504 1185 2589 pennis,

412 2608 460 2673 Ut
469 2610 523 2694 jus
536 2631 600 2673 non
616 2607 733 2673 habeat
747 2606 844 2671 hostis
858 2606 891 2670 in
907 2605 984 2670 orbe
999 2628 1067 2673 suo.

368 2712 432 2776 Hic
446 2720 652 2797 tempestates
666 2707 876 2794 praeuunciat,
890 2718 987 2794 atque
1002 2730 1150 2773 serenum
1162 2734 1172 2787 3

410 2813 588 2878 Ventorum
605 2811 726 2875 rabiem
743 2822 913 2895 temperat,
929 2821 1026 2897 atque
1041 2812 1146 2878 maris.

366 2915 418 2980 Ne
433 2915 511 3002 quid
526 2915 636 2979 obesse
651 2924 758 2999 queat,
774 2935 838 2977 non
854 2912 970 2977 dormit
985 2925 1090 2989 nocte,
1105 2915 1222 3002 dieque

411 3019 499 3093 Stat3
521 3017 598 3105 quia
611 3017 770 3102 subjectos
784 3016 928 3103 undique
942 3027 1024 3081 stare
1040 3018 1126 3083 facit.

367 3120 534 3186 Aecedens
549 3119 687 3206 propius,
705 3118 824 3185 Christi
839 3119 1024 3205 properabis
1037 3120 1079 3185 ad
1093 3121 1210 3202 aulam,

410 3224 458 3288 Ut
472 3223 598 3289 veniam
613 3222 715 3308 culpis
729 3243 930 3307 promereare
945 3221 1016 3287 tuis,

369 3324 440 3389 lllic
455 3324 536 3389 finiti
551 3324 714 3388 solventur
728 3335 802 3386 vote
816 3322 951 3387 laboris:

413 3424 478 3490 Hic
492 3425 679 3510 lachrymas,
693 3422 842 3507 gemitus,
859 3423 910 3489 hic
926 3422 979 3509 pia
993 3431 1065 3486 ture
1078 3422 1179 3489 dabis.

368 3524 515 3611 Excipiet
529 3524 663 3589 fratrum
679 3524 828 3590 reducem
844 3535 877 3589 ta
892 3535 960 3590 tota
974 3521 1109 3588 chorea:

412 3626 456 3690 Et
469 3625 579 3691 laudes
594 3640 697 3712 prote
712 3627 828 3713 sospita
843 3627 919 3691 loeta
934 3636 1037 3691 canet.

368 3728 531 3815 Quicquid
545 3727 643 3795 hebes
657 3729 743 3816 quod
758 3730 804 3795 ais
819 3728 956 3815 placeat,
973 3727 1088 3812 largire
1103 3728 1259 3795 libenter:

412 3830 590 3909 Quidlibet,
606 3842 642 3895 ut
656 3830 751 3896 luerit
766 3830 856 3912 utile,
872 3831 988 3917 cuique
1002 3830 1102 3897 dabis.

368 3933 402 4001 Si
417 3944 517 4019 potes,
535 3932 642 3998 Odoni
656 3933 784 3999 studeas
797 3933 918 3998 donare
932 3931 1086 4000 salutem:

413 4035 624 4122 Accipiatque
639 4034 731 4103 Brito
746 4047 779 4101 te
794 4034 943 4101 veniente
958 4056 1097 4102 crucem.

370 4137 435 4202 Hic
450 4158 577 4202 narrare
591 4137 640 4201 tui
654 4136 783 4201 tandem
799 4135 983 4202 discrimina
997 4136 1054 4203 fati

413 4238 609 4325 Exacteeque
623 4238 685 4303 vise
699 4261 849 4325 prospers
863 4251 977 4304 cuncta
991 4239 1077 4305 licet.

371 4341 460 4417 Quid
475 4340 515 4407 sit
528 4340 596 4407 ovis
610 4341 669 4407 sub
684 4340 780 4427 vulpe
795 4340 907 4423 latens,
923 4341 1072 4428 vulpesve
1087 4341 1147 4407 sub
1161 4361 1256 4425 agno,
