3384 5234
370 703 441 749 car.
457 682 553 763 xv11.]
729 699 983 746 sorrcnarrcus.
1249 683 1314 743 389

368 857 433 918 Res
446 856 553 938 itaque
573 874 638 915 non
657 861 730 915 sunt
750 853 784 914 in
806 853 893 929 vitio,
907 851 965 915 sed
985 872 1070 914 usus.
1115 852 1160 914 Et
1180 860 1228 913 est
1242 850 1314 933 phi-

368 950 567 1037 losophantis
590 952 689 1015 animi
710 952 830 1014 fructus
851 952 978 1030 nobilis,
1000 971 1153 1031 generosa
1175 951 1316 1034 aequani-

367 1055 462 1118 mitas
484 1054 607 1116 mentis,
653 1053 736 1114 Nam
765 1052 791 1114 si
817 1073 859 1114 ex
883 1063 1010 1135 stupore
1033 1061 1093 1126 est,
1117 1058 1152 1113 ut
1174 1052 1315 1135 aequani-

371 1157 463 1218 miter
492 1154 599 1217 omnia
634 1160 750 1238 portet,
778 1175 869 1216 mens
899 1174 983 1235 aegra
1016 1155 1056 1216 ab
1090 1152 1318 1215 incolumitatis

372 1256 484 1318 virtute
510 1254 692 1335 degenerat.
746 1255 851 1325 Quum
877 1274 951 1317 vero
977 1252 1227 1337 philosophandi
1256 1253 1319 1315 sint

371 1357 480 1418 multae
496 1355 626 1432 semitae,
640 1355 695 1418 illa
716 1375 782 1439 prae
802 1355 917 1418 ceteris
936 1355 1015 1418 mihi
1031 1354 1238 1418 videturesse
1257 1373 1317 1414 no·

372 1456 477 1533 bilior,
493 1464 525 1517 et
539 1454 740 1533 laudabilior,

477 1571 547 1633 Quae
559 1572 595 1623 sic
607 1570 717 1641 prandet
728 1570 783 1623 olus
794 1573 932 1642 patienter,
943 1573 1021 1625 rebus
1033 1577 1062 1625 ut
1074 1573 1111 1624 uti
1138 1585 1141 1590 '

478 1654 599 1721 Noverit,
611 1660 638 1707 et
649 1674 735 1708 rerum
746 1674 803 1725 quae
816 1658 852 1710 sic
865 1663 980 1710 versatur
992 1659 1019 1709 in
1030 1675 1088 1722 usu,

375 1776 408 1825 ut
423 1764 503 1841 olus,
516 1774 547 1826 et
562 1762 716 1845 quaelibet
734 1773 884 1826 extremae
899 1764 1094 1846 paupertatis
1108 1763 1216 1840 xenia,
1228 1761 1322 1825 docta

372 1865 492 1927 sitnon
508 1864 661 1927 fastidire.
701 1864 836 1927 Fructus
853 1866 1010 1949 siquidem
1032 1865 1246 1947 Philosophiae
1264 1886 1321 1926 ex-

373 1965 467 2027 imius
483 1978 541 2042 est,
556 1975 591 2028 ut
605 1965 728 2027 noverit
742 1965 813 2048 quis
829 1965 1003 2043 abundare,
1014 1978 1046 2029 et
1060 1965 1227 2049 penuriam
1242 1964 1322 2046 pati,

375 2079 409 2130 ut
424 2068 498 2129 laeto
514 2067 621 2129 animo
638 2067 856 2149 aequanimiter
877 2068 985 2130 omnia
999 2078 1115 2151 portet,
1136 2079 1171 2129 ut
1192 2067 1321 2150 objecto

376 2170 487 2231 solidae
504 2168 627 2230 virtutis
639 2167 742 2246 obice,
754 2189 881 2230 omnem
894 2168 1050 2232 fortunam
1063 2179 1215 2232 exarmet.
1246 2168 1323 2230 Pro·

374 2269 461 2332 lecto
477 2269 620 2352 quisquis
636 2269 704 2331 haec
721 2281 911 2353 assequutus
926 2280 984 2347 est,
998 2292 1061 2333 non
1078 2281 1184 2354 sperat
1198 2281 1253 2333 aut
1268 2291 1324 2332 ex-

375 2370 522 2445 timescit,
536 2379 568 2432 et
587 2369 620 2431 in
642 2390 714 2433 eum
739 2390 864 2450 semper
887 2370 1012 2432 fortuna
1035 2370 1188 2452 quaelibct
1209 2390 1324 2432 manca

374 2471 446 2531 ruit.
491 2468 589 2547 Quid,
600 2470 703 2551 inquit
718 2471 860 2531 curiosus
875 2470 1086 2551 philosophiae
1101 2482 1324 2552 perscrutator,

376 2570 434 2633 tibi
457 2568 662 2650 philosophia
690 2566 845 2628 contulit?
888 2568 933 2629 Et
955 2567 1147 2649 Aristippus,
1175 2568 1221 2629 Ut
1250 2589 1324 2630 cum

376 2669 536 2745 omnibuS,
552 2668 605 2743 ait,
618 2666 802 2729 hominibus
817 2665 975 2749 intrepide
991 2666 1156 2728 fabularer.
1202 2666 1324 2749 Utique

377 2772 403 2835 si
423 2769 554 2833 honoris
574 2778 668 2845 esset,
683 2780 739 2830 aut
753 2768 912 2850 pecuniae,
926 2768 1011 2831 reive
1034 2768 1162 2831 alterius
1177 2767 1326 2850 cupidus,

375 2874 438 2936 hoc
454 2870 585 2933 minime
599 2880 707 2952 posset
720 2870 872 2932 veraciter
885 2868 1087 2953 respondere.
1124 2869 1176 2932 Ad
1191 2871 1325 2933 salutem

376 2986 483 3038 tamen
494 2972 544 3034 via
554 2970 715 3034 tutissima
727 2979 786 3044 est,
800 2968 918 3033 divitiis
929 2980 961 3034 et
971 2973 1066 3033 rebus
1077 2970 1148 3033 aliis
1159 2970 1323 3053 expedito.

377 3072 610 3136 Difficillimum
632 3072 718 3134 enim
739 3081 796 3149 est,
811 3081 847 3134 ut
862 3092 1082 3155 possessorum
1106 3072 1155 3133 sui
1178 3092 1242 3134 non
1265 3072 1325 3136 im·

377 3175 509 3258 pediant
526 3194 663 3236 cursum.
708 3173 789 3244 Quis
802 3174 906 3235 nescit
926 3173 1179 3256 Hippodamiam
1205 3195 1330 3257 praevo·

375 3278 458 3339 lasse
475 3274 515 3337 ad
531 3275 680 3357 palmam,
696 3274 772 3335 dum
789 3276 1039 3337 concertantium
1059 3296 1230 3357 procorum
1255 3297 1326 3340 cur·

376 3398 457 3450 sum,
473 3374 617 3459 projecto
640 3395 716 3436 auro
741 3375 844 3456 potuit
868 3372 1047 3438 retardare?
1073 3375 1195 3439 Mansit
1217 3376 1326 3459 itaque

375 3478 464 3558 virgo
479 3478 611 3550 invicta,
627 3475 731 3538 donec
749 3485 878 3540 ventum
892 3487 941 3539 est
955 3476 997 3539 ad
1013 3477 1160 3559 pecuniae
1185 3487 1326 3540 contem-

375 3588 489 3652 torem,
505 3578 560 3662 qui
576 3578 609 3639 in
632 3585 798 3639 contemtu
819 3578 887 3640 auri
910 3577 1062 3658 virginem
1086 3579 1256 3660 superavit,
1271 3600 1327 3642 au·

377 3700 448 3742 rum
463 3678 613 3752 obtinuit,
629 3688 661 3739 et
679 3699 776 3741 exeo
799 3676 855 3753 (ut
877 3678 1023 3760 fingitur)
1041 3680 1216 3742 certatricis
1235 3683 1326 3762 puel-

376 3782 416 3844 lae
441 3800 548 3843 cereos
574 3798 652 3841 axes
677 3778 764 3854 fecit,
788 3778 865 3841 dum
889 3780 1136 3861 incorruptionis
1162 3801 1250 3853 arnor
1273 3803 1327 3864 pe·

376 3881 478 3945 cuniae
499 3900 638 3943 amorem
662 3880 836 3942 absorbuit.
881 3879 1000 3941 Nonne
1024 3880 1087 3943 hoc
1110 3880 1218 3964 ipsum
1242 3902 1331 3944 com·

375 3981 506 4045 mendat
515 3981 676 4065 judicium
694 3980 769 4058 Dei,
784 3992 816 4043 et
827 4003 882 4044 eas
897 3982 1133 4045 contemtibiles
1145 3983 1230 4058 facit,
1242 3981 1330 4062 quod

374 4086 408 4146 in
420 4093 558 4163 egestate
570 4084 737 4159 bonorum,
752 4083 833 4165 ipsis
845 4081 948 4165 iniqui
964 4081 1119 4145 affluunt?
1156 4083 1208 4143 Fit
1218 4093 1325 4145 tamen

376 4183 534 4246 interdum
559 4184 668 4247 nescio
685 4205 750 4265 quo
765 4198 873 4266 pacto,
890 4194 926 4245 ut
940 4183 982 4246 ad
1007 4182 1243 4245 subversionem
1260 4180 1329 4265 jus·

379 4294 492 4361 torum,
504 4305 537 4346 se
553 4283 599 4347 eis
614 4284 773 4362 ingerant,
785 4294 816 4345 et
832 4303 894 4363 quo
912 4281 1096 4362 diligentius
1108 4282 1333 4349 excluduntur,
