3384 5234
727 766 950 813 anmantuus.

410 919 441 982 Α
456 940 520 1005 quo
533 927 602 983 tota
615 916 674 981 tibi
689 915 765 999 vita,
779 916 928 1003 salusque
941 917 1045 983 datur.

366 1018 400 1085 Si
415 1019 511 1085 facies
525 1019 572 1087 illi
587 1031 644 1085 tua
657 1017 816 1105 displicet,
832 1018 917 1083 unde
932 1018 1097 1105 placebit?

407 1121 487 1209 Ejus
501 1122 534 1187 in
549 1120 682 1187 arbitrio
691 1122 810 1207 jusque
825 1121 977 1209 favoque
992 1134 1136 1189 manent.

365 1222 460 1299 Quod
470 1222 619 1310 prohibet
629 1221 710 1298 lieri,
722 1220 824 1286 soelus
833 1231 897 1286 est:
913 1222 998 1308 qnod
1007 1222 1163 1311 praecipit,
1175 1246 1317 1313 equum,

408 1325 550 1414 Juraque
564 1347 623 1412 pro
636 1321 755 1411 placito
769 1333 919 1410 stantque
935 1324 1119 1414 cuduntque
1133 1349 1201 1393 suo.

367 1428 453 1494 Huic
467 1451 541 1517 quas
554 1427 622 1494 sola
636 1427 752 1515 plaeet,
769 1426 836 1491 sola
851 1426 970 1493 virtute
984 1427 1137 1514 placebis,

411 1532 497 1607 Quoe
511 1530 571 1595 tibi
585 1528 611 1595 si
625 1528 717 1607 desit,
732 1540 851 1593 eoetera
866 1540 983 1594 cuncta
997 1542 1124 1598 nocent.

366 1631 446 1698 Jure
461 1630 547 1712 colit,
562 1651 673 1717 paoem
688 1630 809 1712 statuit,
826 1629 1004 1718 fundatque
1020 1633 1173 1720 quietem,

411 1734 455 1799 Et
469 1733 609 1799 tumidos
623 1732 730 1798 hostes
743 1743 854 1798 mente
869 1754 1032 1821 manuque
1047 1734 1166 1800 domat.

370 1836 436 1901 Sed
450 1858 507 1901 seu
516 1836 591 1922 jura
606 1847 730 1913 vocent,
746 1856 804 1900 seu
819 1834 968 1900 fulminet
982 1834 1067 1901 ensis
1080 1836 1113 1901 in
1129 1836 1245 1914 hostes,

410 1940 484 2003 Non
498 1937 559 2003 nisi
573 1951 682 2003 sancte
696 1936 792 2023 gerit,
807 1958 872 2002 non
887 1936 947 2002 nisi
963 1950 1072 2004 sancta
1086 1940 1209 2026 probat.

367 2041 487 2107 Confer
497 2041 529 2106 ei
544 2061 753 2129 quoscunque
768 2040 878 2118 duces,
892 2062 1101 2129 quoscunque
1115 2053 1272 2129 potentes,

410 2144 506 2209 Plebs
520 2143 581 2209 erit
595 2144 657 2208 hoo
670 2143 738 2208 viso
751 2141 892 2207 maxima
905 2143 1000 2209 turba
1014 2144 1143 2210 dueum.

368 2248 402 2314 Si
417 2270 507 2334 reges
521 2247 640 2322 rideas,
655 2245 736 2333 quid
750 2246 791 2311 ad
806 2246 893 2311 huno
906 2248 967 2312 nisi
983 2249 1099 2315 rustica
1113 2249 1231 2315 turba?

409 2351 454 2416 Et
466 2352 561 2429 bene,
577 2350 603 2415 si
618 2348 682 2414 diei
698 2349 814 2415 rustica
829 2350 923 2415 turba
936 2362 1070 2438 queunt.

367 2451 627 2539 Particulamque
640 2450 689 2517 tui
704 2463 961 2538 praemonstrans,
977 2454 1141 2540 experiere

408 2554 493 2630 Quae
506 2564 637 2619 maneat
649 2564 753 2619 toturn
768 2554 882 2639 gratia,
897 2554 948 2619 vel
963 2556 1035 2643 qais
1050 2556 1159 2624 bonor.

367 2657 400 2723 Si
414 2656 521 2744 placet
534 2656 615 2733 brea,
630 2667 717 2722 totus
731 2655 850 2743 poteris
863 2656 994 2722 fortasse
1011 2668 1138 2745 patere:

409 2760 475 2825 Sed
489 2759 515 2825 si
529 2759 707 2846 displiceat,
722 2771 828 2824 cetera
842 2759 956 2826 claude
972 2772 1056 2848 toga.

365 2862 474 2928 Verba
487 2862 654 2928 salutantis
667 2863 732 2928 sint
745 2861 867 2949 prima3
888 2863 1022 2930 subinde
1037 2864 1169 2945 facetus,

409 2968 461 3029 Te
474 2965 566 3031 dabis
579 2965 752 3053 obsequiis,
767 2964 1005 3053 hospitiumque
1021 2977 1120 3052 petes.

367 3064 440 3134 Non
455 3066 559 3151 gravis
572 3066 688 3152 hospes
702 3066 774 3143 eris,
791 3076 940 3153 potuque,
949 3066 1088 3153 ciboque
1112 3063 1276 3129 verendus

410 3167 554 3233 Sufficiet
567 3168 663 3234 vestis
676 3190 741 3232 non
757 3168 902 3254 preciose
915 3167 985 3232 tibi.

367 3268 440 3334 Non
456 3268 595 3334 oneraris
609 3268 711 3357 equis,
728 3268 875 3355 phaleras
890 3289 951 3332 nee
965 3268 1068 3355 possis
1082 3289 1249 3356 equorum,

408 3370 479 3436 Neo
493 3381 527 3437 te
541 3393 704 3437 servorum
719 3370 812 3458 eopia
824 3392 944 3456 magna
957 3370 1084 3457 premit.

369 3471 511 3538 Sufficiet
524 3472 575 3539 vel
589 3472 657 3539 sola
671 3474 796 3552 domus,
812 3471 960 3561 visusque
977 3473 1112 3559 petroni,

409 3574 489 3661 Ejus
503 3585 537 3641 et
550 3575 701 3663 alloquio,
716 3575 912 3662 oonsilioque
927 3573 1000 3641 frui.

367 3677 467 3742 Curia
479 3678 558 3765 quid
572 3678 680 3764 possit,
695 3679 773 3766 quid
787 3688 894 3765 speret
907 3677 1008 3764 plebe,
1024 3676 1080 3741 ubi
1095 3678 1185 3762 regni

409 3778 514 3857 Vires,
528 3800 594 3844 una
606 3779 721 3844 domus
734 3779 801 3844 sola
814 3780 930 3843 dooere
944 3789 1056 3865 potest.

368 3880 403 3945 Si
417 3879 597 3945 develatam
613 3879 727 3945 faeiem
742 3880 974 3957 monstraverit,
990 3891 1125 3945 autnon

409 3982 618 4068 Praestringat
632 3981 735 4048 visum
749 3982 890 4047 cassibus
903 3982 958 4046 ille
974 3993 1078 4059 tuum,

366 4083 455 4160 Quid
469 4084 596 4172 sapiens
609 4085 707 4151 stulto
721 4085 838 4165 differt,
854 4084 932 4172 quid
946 4106 1087 4171 paupere
1101 4085 1200 4167 dives,

407 4186 496 4261 Quid
510 4187 628 4252 misero
641 4186 742 4254 felix?
762 4188 789 4253 si
803 4188 886 4274 sapis
900 4209 976 4252 eece
990 4186 1090 4254 vides.
1234 4172 1240 4182 ⁴

368 4287 402 4353 Si
416 4288 512 4355 fuerit
527 4290 631 4368 loetus,
647 4291 756 4357 oculos
769 4312 927 4377 auresque
941 4289 1080 4355 libenter

297 4462 299 4469 s
410 4389 560 4478 Exponet
573 4392 667 4479 nugis
682 4392 810 4460 forsitan
826 4393 881 4459 ille
896 4392 968 4459 tuis.

815 4517 834 4559 a
850 4504 870 4559 ‘2
