3384 5234
366 691 436 738 cap.
453 673 564 754 rvris]
722 688 975 735 Ponrcaarrcus.
1283 683 1324 739 95

368 843 537 905 ciosissime
567 842 788 928 prolabantur.
849 841 958 904 Primo
988 862 1125 926 namque
1155 864 1205 905 res
1243 867 1323 929 quas

366 921 614 1010 natura‘creavit
633 945 822 1024 discutiunt,
836 966 954 1029 easque
978 941 1198 1028 multipliciter
1220 945 1324 1009 iuves·

367 1047 482 1132 tigant,
506 1069 591 1111 nunc
614 1046 778 1133 quomodo
801 1068 842 1109 ex
867 1045 1014 1130 partibus
1036 1046 1113 1123 suis,
1134 1068 1218 1111 nune
1243 1070 1323 1133 quo·

367 1150 461 1213 modo
472 1170 512 1211 ex
524 1147 656 1212 materia
667 1160 700 1212 et
711 1147 814 1210 forma
824 1156 969 1209 constant
983 1145 1188 1230 inquirentes.
1228 1150 1322 1226 Quod

368 1262 405 1314 ut
420 1250 545 1315 facilius
559 1249 692 1335 possint,
707 1270 856 1312 sensuum
874 1246 955 1311 vires
970 1261 1116 1333 pensant,
1130 1263 1162 1314 et
1184 1250 1323 1315 intellec-

368 1365 422 1415 tus
436 1350 604 1416 efficaciam
617 1351 804 1415 metiuntur.
844 1351 889 1413 Et
905 1350 983 1436 quia
998 1371 1147 1415 sensuum
1164 1351 1325 1417 hebetudo

370 1474 475 1515 rerum
492 1474 714 1535 corporearum
731 1462 877 1514 naturam
899 1472 960 1513 non
985 1451 1229 1536 transgreditur,
1244 1477 1324 1539 pau-

370 1552 458 1617 latim
488 1553 621 1618 aliorum
654 1552 809 1617 beneficio
839 1551 881 1615 ad
920 1552 1088 1617 subtiliora
1116 1570 1324 1641 consurgunt.

369 1654 466 1720 Visus
480 1655 598 1719 etenim
612 1655 644 1717 in
661 1654 729 1719 solo
744 1676 890 1738 corpore,
906 1676 1008 1738 eoque
1023 1667 1190 1739 prasente,
1206 1656 1325 1722 colores

371 1769 495 1821 tantum
520 1769 553 1820 et
579 1756 772 1842 quantitates
796 1755 965 1826 examinat.
991 1766 1023 1819 et
1048 1755 1176 1839 figuras.
1223 1760 1326 1824 Sonus

372 1861 458 1921 solus
473 1857 628 1942 contingit
643 1857 802 1921 auditum.
850 1857 975 1922 Gustus
990 1856 1030 1919 de
1053 1859 1218 1941 saporibus
1234 1861 1324 1947 judi·

370 1972 432 2025 cat.
477 1961 652 2027 Olfacieudi
671 1960 717 2023 vis
732 1961 765 2024 in
787 1960 941 2024 odoribus
957 1971 1024 2023 tota
1040 1977 1191 2027 versatur.
1238 1964 1324 2041 Quid

371 2063 499 2142 durum,
516 2064 595 2150 quid
612 2064 707 2128 molle
723 2064 774 2142 sit,
790 2063 868 2149 quid
885 2063 966 2140 lene,
982 2062 1060 2148 quid
1075 2085 1234 2148 asperum,
1244 2067 1325 2151 quid

271 2231 279 2247 ⁸
370 2163 689 2251 ponderosum,quid
714 2164 793 2241 leve,
811 2165 890 2249 quid
915 2164 1053 2228 calidum
1079 2178 1136 2230 aut
1159 2166 1325 2252 frigidum,

371 2267 449 2351 quid
465 2266 634 2331 humidum
650 2268 690 2331 sit
710 2279 767 2330 aut
783 2270 913 2348 siccum,
929 2280 1036 2332 tactus
1058 2266 1219 2335 disceruit.
1266 2274 1326 2336 Est

369 2366 530 2432 interdum
560 2367 674 2450 figurae
704 2366 898 2452 explorator,
920 2380 953 2430 et
983 2367 1173 2453 quantitatis
1194 2380 1225 2434 et
1248 2393 1326 2456 pon·

370 2467 455 2531 deris
477 2469 629 2534 conscius.
675 2467 828 2533 Dolorem
851 2490 981 2553 quoque
1004 2470 1151 2554 percipit,
1166 2482 1198 2535 et
1216 2470 1325 2556 volup·

372 2582 480 2633 tatem.
528 2570 627 2656 Isque
642 2593 699 2656 per
713 2590 822 2633 omnes
837 2571 903 2634 fere
918 2572 1033 2635 sensati
1057 2572 1198 2655 corporis
1221 2571 1326 2657 partes

372 2669 577 2752 diffunditur,
592 2672 737 2757 adeoque
752 2672 866 2737 auimae
885 2672 1048 2737 cohaerens
1070 2685 1130 2749 est,
1147 2685 1183 2736 ut
1206 2696 1243 2737 eo
1265 2673 1328 2739 dis-

372 2770 503 2835 cedente
519 2769 665 2836 videatur
687 2785 718 2836 et
744 2782 810 2837 tota
832 2773 974 2857 corporis
990 2772 1055 2835 vita
1078 2771 1246 2838 discedere.
1294 2775 1327 2837 Si

375 2893 449 2934 vero
463 2893 629 2957 corporum
642 2873 820 2937 absentium
838 2875 990 2960 praefatas
1002 2873 1212 2959 proprietates
1222 2876 1327 2960 inqui·

373 2972 427 3051 ris,
450 2973 495 3035 eis
518 2972 577 3037 tibi
607 2986 707 3039 tracta
730 2974 938 3039 similitudine
963 2976 1003 3038 ab
1034 2975 1084 3038 his
1114 2997 1193 3059 quas
1219 2999 1328 3039 sensus

373 3076 513 3156 agnovit,
544 3074 661 3157 poterit
690 3074 876 3157 imaginatio
908 3087 1110 3160 praesentare,
1133 3096 1207 3158 quae
1238 3088 1328 3140 tanto

372 3173 432 3238 erit
443 3174 578 3249 fidelior,
590 3187 710 3259 quanto
721 3176 899 3263 expressior
911 3175 1008 3239 fuerit
1022 3175 1206 3240 similitudo
1231 3178 1328 3242 Unde

373 3287 403 3339 et
420 3275 554 3362 Tityrus
568 3276 656 3363 apud
672 3280 849 3353 Maronem,
866 3300 929 3341 non
946 3290 1097 3342 assecutae
1114 3277 1328 3343 similitudinis

375 3376 454 3440 vitio
473 3378 593 3463 lapsam
611 3378 670 3442 sibi
686 3380 835 3464 queritur
849 3378 1118 3465 imaginationem.

481 3510 581 3563 Urbem
593 3529 672 3580 qnam
684 3512 773 3564 dicunt
786 3513 907 3579 Romam,
921 3514 1057 3578 Meliboee,
1069 3515 1159 3585 putavi

482 3595 581 3649 Stultus
593 3614 644 3660 ego
655 3597 715 3649 huic
728 3602 822 3651 nostrae
834 3598 956 3664 similem,
968 3617 1018 3667 quo
1030 3615 1101 3671 saepe
1113 3599 1224 3653 solemus

479 3681 602 3734 Pastores
613 3682 700 3734 ovium
712 3687 813 3734 teneros
825 3682 956 3753 depellere
968 3683 1058 3736 factis:

477 3766 577 3819 Verum
589 3767 646 3819 haec
659 3771 760 3819 tantum
773 3766 839 3819 alias
851 3769 919 3820 intor
931 3775 1008 3839 caput
1019 3768 1114 3822 extudit
1124 3772 1211 3836 orbec,

479 3852 613 3915 Quantum
623 3852 697 3905 lenta
708 3852 792 3905 solent
802 3854 870 3906 inter
880 3855 989 3906 viburna
1000 3857 1122 3926 cupressi.

336 4022 338 4025 ,
377 3968 431 4033 Sin
455 3981 562 4034 autem
585 3968 774 4032 familiarius
795 3973 986 4055 expresserit
1009 3971 1054 4035 rei
1077 3972 1326 4052 similitudinem,

375 4071 476 4136 fidelis
491 4084 522 4136 et
538 4093 615 4134 vera
625 4088 672 4135 est
683 4070 882 4155 imaginatio,
895 4072 982 4157 quali
995 4073 1097 4138 utitur
1108 4076 1328 4143 Andromache

375 4176 463 4260 apud
478 4172 669 4258 Virgilium:

480 4299 505 4349 Ο
518 4298 582 4350 mihi
594 4298 649 4349 sola
661 4297 712 4347 mei
725 4313 801 4367 super
814 4297 985 4365 Astyanactis
996 4298 1090 4363 imago,
