3384 5234
437 704 501 761 ato
684 715 820 761 ioannis
835 715 1114 762 ssaasanamnsm
1265 700 1345 779 [nm.
1363 721 1391 763 v.

438 877 526 930 tanta
541 866 759 953 multiplicitas
773 876 830 944 est,
847 879 970 955 quanta
984 868 1050 931 sere
1071 882 1117 932 est
1139 868 1306 934 diversitas
1321 892 1393 955 per-

439 959 596 1033 sonarum.
642 969 775 1034 Publica
791 969 919 1055 quidem
935 970 1041 1032 omnia
1055 969 1239 1034 referuntur
1255 971 1296 1035 ad
1312 971 1394 1035 duas

439 1072 568 1158 species,
579 1082 635 1135 aut
647 1070 730 1136 enim
742 1094 761 1135 a
773 1071 895 1148 divino,
907 1084 963 1136 aut
974 1071 1015 1136 ab
1028 1070 1167 1135 humano
1178 1073 1253 1157 jure
1265 1072 1394 1137 descen-

438 1171 531 1236 dunt.
569 1174 650 1235 Haec
670 1186 776 1237 autem
795 1194 833 1235 ex
851 1173 941 1237 libris
958 1171 1131 1237 officiorum
1150 1174 1248 1237 latius
1270 1185 1394 1259 patent,

438 1274 494 1340 sad
520 1274 679 1360 pertinent
705 1275 746 1338 ad
776 1286 964 1360 praesentem
991 1278 1174 1351 articulum,
1197 1289 1233 1341 ut
1257 1277 1393 1361 publicis

436 1374 546 1439 officiis
561 1375 737 1439 reverentia
755 1375 970 1461 impendatur.
1017 1377 1126 1440 Tanta
1143 1398 1282 1462 namque
1296 1377 1393 1443 debe-

437 1486 492 1542 tur
513 1477 568 1553 eis,
584 1489 705 1564 quanta
727 1489 774 1541 est
794 1476 964 1541 eminentia
986 1477 1159 1561 cujuslibet
1177 1478 1392 1563 magistratus.

437 1580 532 1642 Hanc
557 1578 687 1664 quidem
713 1591 771 1643 aut
795 1579 883 1657 facit,
909 1591 965 1643 aut
991 1578 1112 1644 indicat
1139 1579 1392 1666 uniuscujusque

436 1694 618 1767 competens
625 1680 820 1766 jurisdictio,
833 1703 931 1767 quum
945 1682 1122 1745 reverentia
1134 1685 1391 1767 magistratuum,

435 1796 493 1847 aut
522 1795 723 1868 contemptus
751 1782 910 1847 redundet
941 1782 972 1846 in
1002 1783 1164 1864 honorem,
1193 1795 1249 1848 aut
1280 1797 1393 1848 contu-

435 1885 560 1949 meliam
584 1884 810 1972 subjectorum.
849 1883 946 1948 Unde
962 1886 994 1947 in
1010 1885 1291 1950 constitutionibus
1305 1886 1393 1971 prin-

434 1988 554 2074 cipum,
566 2000 599 2053 at
611 1989 858 2072 magistratuum
871 1986 994 2064 edictis,
1004 2002 1060 2051 aut
1072 1988 1393 2074 promulgationibus,

435 2110 490 2175 per
515 2089 684 2175 prolepsim
708 2089 850 2175 plurium
872 2089 909 2152 fit
932 2090 1096 2175 conceptio
1115 2111 1334 2175 personarum,
1353 2101 1391 2154 ut

436 2215 499 2257 non
521 2205 585 2257 tam
605 2213 761 2278 personae,
778 2213 875 2277 quam
891 2191 1105 2256 universitatis
1120 2203 1189 2256 tota
1203 2192 1393 2256 constitutio

435 2294 582 2360 videatur
611 2315 688 2374 esse,
717 2294 768 2358 vel
797 2293 922 2379 quaevis
950 2293 1013 2358 alia
1041 2294 1266 2379 promulgatio.
1319 2292 1391 2357 Hoc

435 2398 528 2463 ctiam
545 2398 632 2482 jura,
647 2401 697 2461 vel
718 2419 853 2461 canones
874 2396 1046 2482 ignoranti,
1061 2419 1102 2460 ex
1124 2420 1184 2461 usu
1207 2396 1393 2483 quotidiano

435 2500 640 2587 perspicuum
655 2512 714 2564 est.
748 2502 848 2564 Porro
860 2500 1013 2564 rationem
1024 2499 1211 2576 officiorum,
1222 2522 1283 2563 non
1296 2500 1393 2564 modo

369 2686 371 2689 y
434 2623 590 2667 canonum
613 2615 645 2667 et
668 2602 775 2688 legum
798 2602 888 2679 scita,
911 2601 965 2666 sed
989 2614 1021 2666 et
1047 2601 1225 2667 ethicorum
1249 2602 1391 2666 omnium

435 2717 596 2791 praecepta
606 2716 819 2789 exequuntur.
852 2703 927 2767 Mos
941 2715 1047 2767 autem
1060 2715 1108 2767 est
1123 2704 1240 2767 mentis
1249 2702 1393 2782 habitus,

434 2826 475 2870 ex
499 2827 564 2891 quo
585 2805 782 2889 singulorum
804 2826 938 2890 operum
961 2805 1130 2869 assiduitas
1152 2817 1271 2869 manat.
1316 2805 1390 2867 Non

435 2904 517 2969 eni-m
542 2906 567 2971 si
590 2904 668 2991 quid
692 2905 729 2970 lit
752 2905 846 2968 semel
870 2916 925 2969 aut
949 2905 1096 2991 amplius,
1120 2905 1226 2969 statim
1250 2904 1393 2969 moribus

341 3046 343 3053 ·
435 3019 640 3093 aggregatur,
678 3006 737 3071 nisi
780 3006 969 3072 assiduitate
1008 3006 1143 3071 faciendi
1180 3017 1324 3071 vertatur
1358 3009 1391 3071 in

435 3131 538 3175 usum.
585 3110 649 3175 Hic
674 3124 781 3175 autem
805 3110 941 3175 virtutes
962 3123 995 3175 et
1017 3108 1097 3174 vitia
1122 3131 1215 3194 aeque
1237 3108 1393 3195 complec-

434 3213 526 3292 titur,
556 3210 629 3275 licet
660 3207 737 3275 vitia
766 3232 828 3275 non
859 3233 963 3275 mores
992 3233 1070 3287 esse,
1095 3211 1150 3275 sed
1182 3232 1201 3273 a
1230 3209 1393 3296 plerisque

434 3310 582 3377 dicantur
597 3314 738 3378 moribus
753 3313 893 3377 obviare.
940 3316 978 3376 In
994 3334 1060 3396 quo
1081 3310 1211 3396 planum
1234 3322 1293 3387 est,
1310 3310 1393 3375 solas
1490 3333 1492 3338 ·

436 3414 571 3480 virtutes
588 3416 706 3479 censeri
728 3416 854 3479 nomine
876 3436 1009 3489 morum,
1030 3436 1131 3498 quum
1155 3414 1255 3477 bonos
1274 3420 1392 3490 tamen,

435 3525 491 3579 aut
512 3516 612 3582 malos
634 3518 771 3582 dicimus
794 3538 908 3593 mores,
924 3508 1003 3581 vitia
1025 3514 1253 3601 distinguimus
1274 3527 1306 3578 et
1330 3514 1393 3578 vir·

434 3625 527 3679 tutes.
559 3618 659 3682 Unde·
670 3632 810 3683 moratos
825 3641 844 3680 a
859 3617 955 3693 bono,
968 3616 1034 3681 sive
1050 3618 1235 3699 morigeros,
1248 3634 1389 3678 morosos

434 3736 510 3777 vero
525 3738 543 3778 a
559 3718 645 3782 vitiis
660 3722 870 3783 nominamus.
902 3718 996 3794 Quod
1013 3730 1044 3781 et
1059 3722 1163 3804 ipsum
1181 3714 1393 3801 plenitudinis

434 3838 546 3880 nomen
561 3817 687 3882 videtur
703 3823 845 3898 innuere,
858 3842 959 3905 quum
976 3820 1054 3883 nulli
1071 3820 1103 3882 in
1119 3838 1212 3881 carne
1226 3816 1390 3901 contingat

434 3917 543 3982 adesse
558 3918 732 3984 satietatem
755 3943 891 3996 morum,
907 3933 939 3983 et
961 3922 1069 3986 multis
1090 3920 1172 3985 adsit
1189 3916 1394 4004 superfluitas

434 4018 595 4086 vitiorum.
640 4025 750 4096 Quum
769 4022 879 4109 itaque
894 4046 913 4086 a
928 4024 1070 4087 moribus
1085 4024 1158 4110 quis
1180 4020 1389 4086 reverentiam

432 4124 618 4189 contrahere
634 4124 763 4201 dicitur,
779 4125 806 4188 ei
828 4128 964 4190 virtutes
986 4125 1105 4211 quibus
1122 4126 1224 4188 honor
1238 4122 1393 4187 exhiben-

432 4226 494 4292 dus
509 4242 567 4305 est,
584 4229 683 4293 inesse
698 4228 904 4313 significatur.
936 4229 1018 4302 Quis
1030 4228 1113 4291 enirn
1131 4249 1192 4289 non
1211 4237 1394 4303 veneretur,

431 4342 463 4392 et
485 4346 630 4397 vereatur
651 4332 752 4409 illum,
776 4355 870 4417 quem
895 4330 1098 4415 prudentem,
1119 4329 1247 4404 fortem,
1270 4341 1394 4411 tempe-
