3384 5234
337 714 408 760 one.
424 694 490 775 11r.]
687 709 941 754 ronrcnnrrcus.
1224 693 1287 751 223

339 862 464 929 Stoicos
485 874 693 939 transeamus,
708 860 764 944 qui
784 882 897 923 causas
918 859 1081 921 nominum
1104 854 1289 939 diligentius

337 963 550 1048 investigant;
583 962 676 1027 lictor
692 961 820 1041 dicitur,
836 960 928 1046 quasi
950 959 1029 1042 legis
1044 958 1134 1036 ictor,
1148 980 1186 1020 eo
1200 957 1289 1041 quod

337 1066 378 1129 ad
403 1065 503 1151 ipsius
530 1075 651 1150 spectat
677 1062 814 1126 officium
839 1062 944 1139 ferire,
969 1082 1064 1147 quem
1090 1062 1143 1121 lex
1163 1058 1290 1144 judicat

336 1166 525 1229 feriendum.
570 1164 667 1228 Unde
684 1178 716 1227 et
732 1163 910 1248 antiquitus
930 1162 970 1226 ab
986 1160 1193 1232 Officialibus,
1209 1183 1291 1245 quo·

337 1291 409 1331 rum
431 1289 527 1331 manu
546 1252 643 1329 ibdex
664 1280 812 1329 nocentes
837 1264 942 1350 punit,
961 1285 1063 1348 quum
1086 1285 1139 1326 reo
1164 1260 1291 1346 gladius

337 1373 525 1445 immineret,
553 1370 738 1455 obtempera
767 1369 845 1453 legis
876 1368 1009 1432 arbitrio
1038 1366 1214 1444 dicebatur,
1240 1364 1290 1429 vel

337 1473 440 1557 legem
451 1470 559 1557 imple,
570 1484 606 1535 ut
618 1473 662 1535 rei
675 1471 836 1535 tristitiam
849 1470 1009 1554 mitigaret
1019 1468 1069 1531 vel
1081 1466 1290 1533 mansuetudo

339 1578 519 1639 verborum.

340 1910 419 1992 Cap.
436 1914 466 1971 3.
501 1909 592 1983 Quod
612 1908 764 1990 princeps
791 1909 935 1972 minister
961 1909 1291 1983 emmerentianae

382 2010 488 2072 minor
501 2012 568 2082 eis,-
591 2015 622 2072 εἰ
633 2010 713 2093 quid
722 2010 985 2072 stamineorum
996 2012 1207 2091 principatus
1204 2010 1291 2092 fide·

383 2113 459 2174 liter
468 2133 588 2193 gerere.

382 2262 484 2326 Hunc
501 2285 577 2347 ergo
592 2261 735 2347 gladium
752 2259 791 2323 de
806 2281 901 2323 manu
914 2259 1066 2323 Ecclesiae
1080 2259 1194 2346 accipit
1206 2259 1293 2346 prin-

338 2385 422 2450 ceps,
433 2388 531 2449 quum
548 2365 617 2448 ipsa
632 2377 737 2428 tamen
752 2362 896 2448 gladium
913 2363 1073 2445 sanguinis
1087 2364 1215 2425 omnino
1229 2385 1292 2426 nou

340 2463 465 2529 babeat.
510 2465 620 2529 Habet
644 2476 748 2527 tamen
775 2477 805 2527 et
829 2460 939 2540 istum,
961 2462 1015 2525 sed
1041 2486 1079 2525 eo
1107 2465 1208 2526 utitur
1234 2486 1291 2548 per

340 2565 492 2652 principis
503 2588 641 2648 manum,
654 2565 707 2630 cui
719 2564 963 2629 coercendorum
976 2586 1144 2648 corporum
1156 2565 1292 2630 contulit

339 2680 541 2751 potestatem,
557 2667 768 2751 spiritualium
792 2667 852 2729 sibi
875 2666 907 2728 in
931 2665 1135 2750 pontificibus
1156 2667 1292 2729 auctori·

340 2780 407 2831 tate
422 2786 590 2833 reservata.
636 2770 696 2832 Est
716 2791 792 2853 ergo
813 2767 959 2853 princeps
975 2766 1139 2830 sacerdotii
1163 2765 1291 2851 quidem

341 2866 495 2945 minister,
522 2882 554 2933 et
581 2869 638 2954 qui
664 2893 824 2935 sacrorum
852 2868 1028 2934 officiorum
1058 2868 1142 2932 iliam
1170 2882 1292 2953 partem

341 2982 477 3050 exercet,
506 2994 578 3055 quae
614 2971 782 3036 sacerdotii
813 2972 958 3036 manibus
993 2970 1120 3035 videtur
1151 2969 1293 3055 indigna.

343 3072 508 3134 Sacrorum
525 3057 662 3157 namque
677 3075 785 3157 legum
801 3096 894 3136 omne
909 3072 1046 3135 officium
1062 3070 1245 3154 religiosum
1260 3083 1292 3133 et

339 3170 431 3255 pium
451 3186 510 3249 est,
525 3171 605 3237 illud
628 3186 734 3238 tamen
755 3174 899 3253 inferius,
914 3173 1000 3257 quod
1015 3172 1047 3235 in
1070 3170 1293 3256 poeniscrimi·

339 3295 417 3335 num
443 3286 619 3355 exercetur,
645 3288 677 3340 et
703 3274 864 3360 quandam
893 3273 1044 3338 carnificii
1067 3284 1319 3358 repraesentare,

340 3374 658 3460 videturimaginem.
685 3378 783 3441 Unde
791 3389 823 3440 et
836 3374 1065 3441 Constantinus
1075 3376 1293 3437 Romanorum

340 3475 542 3540 fidelissimus
566 3479 756 3564 Imperator,
778 3501 879 3565 quum
906 3476 1103 3542 sacerdotnm
1125 3474 1293 3539 concilium

341 3577 471 3641 Niceam
488 3592 700 3657 convocasset,
717 3603 773 3644 nec
792 3581 932 3665 primurn
955 3579 1059 3641 locum
1078 3591 1184 3642 tenere
1198 3598 1294 3641 ausus

339 3689 397 3754 est,
414 3700 471 3741 nec
491 3701 523 3741 se
537 3679 795 3765 presbyterorum
816 3680 991 3744 immiscere
1011 3677 1221 3753 consessibus,
1237 3676 1292 3739 sed

340 3778 444 3842 sedem
467 3778 669 3843 novissimam
691 3780 870 3864 occupavit.
917 3778 1094 3843 Sententias
1117 3802 1191 3842 vero
1213 3800 1294 3862 quas

341 3879 382 3942 ab
396 3878 441 3943 eis
455 3881 648 3965 approbatas
668 3881 804 3961 audivit,
820 3881 867 3945 ita
887 3894 1055 3945 veneratus
1073 3893 1131 3956 est,
1147 3903 1183 3943 ac
1201 3879 1226 3942 si
1242 3901 1294 3942 eas

341 3978 381 4043 de
396 3980 513 4045 divinae
528 3979 703 4066 majestatis
718 3982 864 4045 sensisset
883 3981 1185 4066 emanassejudicio.
1231 3979 1295 4043 Sed

343 4089 374 4141 et
389 4077 511 4142 libellos
533 4080 789 4164 inscriptionum,
805 4102 887 4164 quos
901 4079 942 4141 ad
965 4080 1098 4142 invicem
1114 4092 1293 4164 conceptos,

343 4178 539 4241 sacerdotum
561 4178 693 4242 crimina
713 4179 919 4257 continentes,
937 4179 1126 4263 Imperatori
1146 4201 1294 4263 porrexe-

343 4288 426 4356 rant,
438 4280 575 4363 suscepit
591 4280 733 4364 quidem,
745 4281 930 4363 clausosque
946 4279 1086 4364 reposuit
1098 4282 1130 4344 in
1143 4281 1214 4345 sinu
1226 4303 1293 4343 suo.
1329 4363 1330 4366 Ἴ
