3384 5234
413 701 476 759 284
676 708 811 753 scaurus
827 706 1102 752 sanasosnmusrs
1222 688 1304 767 [nm.
1321 709 1363 753 iv.

411 872 506 926 erunt
517 859 602 923 bona
610 857 811 941 fiscaliaquae
820 855 1133 940 publicaconfitetur.
1156 860 1224 921 Nec
1233 860 1363 936 mirum,

412 982 514 1047 quum
530 981 588 1022 nec
604 958 672 1043 ipse
687 980 765 1021 suus
780 956 833 1032 sit,
849 955 905 1020 sod
920 955 1132 1019 subditorum.

411 1235 491 1317 Cap.
508 1237 539 1295 6.
564 1232 659 1300 Quod
680 1229 768 1292 debet
786 1230 886 1308 legem
906 1228 972 1290 Dei
993 1228 1109 1290 habere
1126 1246 1200 1309 prae
1213 1233 1317 1289 mente
1329 1234 1361 1289 et

453 1333 555 1396 oculis
568 1349 702 1411 comper,
718 1336 749 1390 et
767 1328 896 1408 peritus
908 1347 974 1389 erac
987 1328 1025 1389 in
1040 1328 1152 1401 literis,
1168 1335 1200 1390 et
1220 1328 1362 1389 literato-

452 1452 529 1495 rum
543 1432 601 1511 ogi
615 1429 767 1492 consiliis.

453 1566 637 1634 Posrouam
651 1574 758 1624 autem
772 1558 887 1623 sederit
900 1558 932 1621 iu
945 1559 1024 1623 solio
1034 1560 1125 1645 regni
1138 1561 1198 1642 sui,
1209 1560 1365 1627 describet

412 1665 473 1730 sibi
487 1661 774 1727 Deuteronominm
796 1660 876 1744 legis
897 1660 996 1746 hujus
1017 1661 1050 1724 in
1066 1661 1236 1726 volumine.
1279 1667 1364 1727 Ecce

412 1769 488 1854 quia
508 1765 657 1851 princeps
679 1785 741 1827 non
764 1762 860 1826 debet
880 1786 947 1827 esse
964 1764 1050 1849 juris
1071 1764 1214 1850 ignarus,
1236 1780 1267 1831 et
1290 1766 1363 1831 licet

410 1866 521 1931 multis
532 1865 704 1951 privilegiis
718 1865 870 1948 gaudeat,
881 1887 938 1927 nec
953 1865 1075 1930 militiae
1090 1879 1249 1950 praetextu
1261 1867 1361 1951 legem

412 1968 543 2035 Domini
557 1966 756 2048 permittitur
770 1969 925 2048 ignorare.
970 1968 1138 2032 Describet
1149 1990 1226 2051 ergo
1240 1972 1361 2033 Deute-

410 2068 588 2133 ronominm
604 2066 695 2151 legis,
711 2066 745 2129 id
764 2079 822 2146 est,
837 2066 1008 2132 secundam
1030 2067 1130 2153 legem
1153 2068 1186 2131 in
1203 2068 1363 2133 volumine

410 2168 533 2242 cordis;
557 2179 594 2231 ut
607 2168 647 2231 sit
658 2169 711 2231 lex
725 2167 840 2252 prima,
852 2191 948 2253 quam
961 2168 1053 2233 litera
1065 2167 1198 2252 ingerit3
1222 2169 1362 2234 secunda

410 2294 506 2358 quam
532 2290 572 2332 ex
599 2268 627 2331 ei
657 2272 811 2354 mysticus
836 2269 1018 2334 intellectus
1043 2268 1195 2352 agnoscit.
1251 2268 1361 2332 Prima

411 2373 539 2461 quidem
566 2370 660 2435 scribi
685 2371 792 2457 potuit
819 2371 938 2437 tabulis
963 2370 1115 2457 lapideisr
1146 2370 1200 2435 sed
1224 2370 1363 2434 secunda

411 2497 473 2539 non
488 2471 693 2558 imprimitur,
710 2472 770 2534 nisi
792 2472 825 2534 in
845 2472 975 2557 puriore
997 2471 1206 2555 intelligentia
1226 2472 1362 2535 mentis?

410 2576 456 2639 Et
471 2584 556 2637 recte
570 2572 602 2635 in
619 2570 779 2635 volumine
799 2571 1084 2637 Deuteronominm
1108 2572 1268 2647 scribitur,
1285 2572 1363 2657 quia

411 2679 456 2741 sic
470 2673 558 2760 apud
576 2696 608 2737 se
630 2696 754 2737 sensum
779 2672 858 2755 legis
880 2672 1028 2758 princeps
1051 2673 1196 2749 revolvit,
1211 2674 1299 2759 quod
1320 2675 1361 2738 ab

409 2772 509 2839 oculis
522 2774 592 2859 ejus
606 2772 698 2837 litera
712 2795 774 2836 non
790 2771 921 2836 recedit.
966 2774 1013 2836 Et
1028 2776 1073 2838 sic
1094 2772 1223 2859 quidem
1245 2773 1362 2839 insistit

410 2875 522 2955 literis,
543 2886 580 2938 ut
603 2896 805 2960 nequaquam
828 2874 870 2937 ab
892 2873 1074 2939 intellectus
1096 2875 1255 2939 discordet
1277 2875 1364 2960 puri-

411 2987 486 3042 tate.
529 2973 640 3039 Litera
654 2997 791 3060 namque
806 2974 933 3049 occidit,
946 2974 1079 3060 spiritus
1094 2972 1202 3041 'autem
1214 2977 1364 3056 vivificat,

410 3096 443 3143 et
469 3100 565 3164 penes
590 3080 707 3162 ipsum,
734 3076 866 3140 humani
891 3077 976 3162 juris
1000 3088 1032 3140 et
1062 3078 1234 3164 aequitatis,
1260 3080 1365 3144 media

410 3177 631 3264 interpretatio
642 3181 827 3251 necessaria,
839 3190 871 3243 et
883 3178 1039 3262 generalis
1049 3191 1149 3245 extat.
1188 3181 1363 3265 Accipiens,

410 3278 951 3365 inquit,exemplarasacerdotibus
961 3277 1112 3343 Leviticoe
1122 3279 1233 3342 tribus.
1264 3282 1364 3343 Recte

410 3378 551 3464 quidem.
598 3378 748 3442 Omnium
765 3377 873 3461 legum
896 3378 999 3441 inanis
1021 3393 1068 3442 est
1091 3401 1235 3455 censura,
1251 3380 1276 3442 si
1299 3402 1362 3443 non

411 3481 530 3544 divinae
553 3478 632 3563 legis
653 3480 823 3561 imaginem
847 3490 957 3562 gerat3
988 3492 1021 3543 et
1044 3480 1164 3546 inutilis
1178 3493 1226 3545 est
1248 3480 1364 3544 consti-

410 3581 495 3645 tutio
525 3580 689 3665 principis,
716 3578 741 3643 si
767 3602 830 3642 non
858 3579 1089 3645 Ecclesiasticae
1119 3580 1297 3665 disciplinae
1321 3581 1363 3645 sit

410 3679 590 3746 conformis.
646 3680 742 3755 Quod
771 3694 802 3745 et
835 3681 1140 3745 Christianissimum
1170 3703 1232 3743 non
1266 3680 1362 3744 latuit

409 3781 595 3870 principem,
618 3782 675 3867 qui
698 3782 823 3867 legibus
849 3781 913 3844 suis
935 3781 1064 3861 indixit,
1085 3804 1126 3844 ne
1148 3781 1363 3864 dedignentur

410 3907 513 3950 sacros
539 3906 674 3948 canones
700 3883 829 3948 imitari.
880 3883 925 3945 Et
950 3904 1012 3945 non
1040 3882 1135 3945 modo
1161 3880 1361 3945 sacerdotum

409 3985 602 4069 exemplaria
623 3984 688 4069 peti
712 3984 870 4069 praecipit,
886 3981 939 4045 sed
963 3982 1004 4044 ad
1028 3982 1205 4046 Leviticam
1229 3981 1361 4060 tribum,

409 4082 579 4148 mutuandi
594 4083 710 4166 gratia,
724 4082 899 4167 principem
916 4078 1023 4145 mittit.
1062 4078 1113 4143 Sic
1128 4079 1210 4143 enirn
1226 4078 1361 4164 legitimi

409 4183 588 4248 sacerdotes
614 4183 765 4247 audiendi
791 4195 879 4259 sunt,
903 4193 941 4246 ut
966 4181 1108 4268 reprobis
1132 4194 1164 4246 et
1193 4179 1364 4244 ascenden-

408 4287 495 4351 tibus
510 4306 548 4347 ex
565 4284 708 4361 adverso,
725 4306 850 4348 ornnem
866 4285 914 4348 vir
929 4284 1040 4369 justus
1054 4284 1184 4349 claudat
1201 4283 1360 4348 auditum.
