3384 5234
437 695 502 755 268
700 709 835 758 sonuum
853 710 1129 758 saansnuaiansrs
1262 693 1344 778 [mn.
1362 716 1390 759 v.

438 861 575 941 nomine,
599 862 642 925 sic
669 867 757 928 Deus
783 848 892 927 omnes
915 862 1050 948 replebit
1075 862 1202 940 clectos,
1229 876 1276 941 ut,
1303 867 1390 930 omni

437 964 621 1029 infirmitate
645 980 675 1030 et
701 967 915 1031 mutabilitate
938 966 1100 1054 absorpta,
1127 991 1224 1055 quum
1255 970 1390 1035 mortale

437 1066 718 1146 immortalitatem,
745 1084 777 1132 et
806 1068 1026 1153 corruptibile,
1052 1070 1389 1155 incorruptibilitatem

437 1165 589 1244 induerit,
603 1168 693 1232 Deus
707 1168 773 1233 fere
788 1170 875 1235 solus
890 1171 922 1234 in
938 1171 1086 1235 omnibus
1096 1184 1296 1256 agnoscatur.
1335 1173 1388 1237 Ad

437 1269 519 1334 hanc
542 1270 684 1336 nonnulli
708 1272 895 1336 sententiam
911 1272 1065 1347 referunt,
1081 1272 1169 1357 quod
1193 1273 1298 1357 angeli
1318 1273 1387 1357 jam

437 1371 558 1437 futurae
587 1371 795 1437 beatitudinis
827 1371 1007 1458 participes,
1037 1371 1096 1436 visi
1130 1373 1172 1435 ab
1206 1371 1390 1438 hominibus

436 1470 621 1548 adorantur,
637 1496 675 1537 eo
690 1471 778 1557 quod
793 1473 825 1536 in
841 1472 886 1536 eis
901 1472 968 1536 visa
982 1485 1029 1538 est
1050 1472 1198 1558 quaedam
1221 1473 1390 1558 praesentia

436 1571 575 1649 deitatis,
602 1596 704 1659 quum
726 1587 831 1638 tamen
854 1587 1032 1638 creaturam
1054 1596 1074 1637 a
1095 1584 1241 1637 creatura
1262 1573 1390 1637 adorari

436 1674 566 1738 omnino
580 1696 642 1737 non
659 1674 760 1740 liceat.
806 1674 859 1740 Sic
873 1674 969 1739 etiam
992 1674 1026 1738 in
1041 1673 1122 1737 facie
1145 1673 1318 1740 Salvatoris
1331 1674 1390 1740 ali-

436 1776 516 1861 quid
539 1776 667 1843 deitatis
689 1776 898 1863 resplenduit,
915 1777 1045 1863 quando
1067 1775 1108 1839 de
1128 1776 1281 1841 funiculis
1302 1777 1390 1843 facto

436 1875 574 1962 flagello,
586 1878 758 1944 vendentes
769 1892 801 1943 et
816 1889 955 1942 ementes
969 1878 1061 1965 ejecit
1075 1879 1116 1943 de
1130 1878 1260 1963 templo,
1272 1878 1389 1943 docens

435 2000 559 2042 omnem
585 1979 831 2061 negotiationem
855 1979 1128 2044 exterminandam
1154 2002 1222 2044 esse
1247 2000 1266 2042 a
1291 1979 1389 2042 domo

436 2078 596 2143 orationis.
643 2081 683 2144 In
709 2081 779 2145 aliis
805 2104 880 2145 vero
905 2080 964 2146 etsi
992 2080 1076 2145 adsit
1102 2080 1279 2146 divinitatis
1304 2102 1388 2167 prae·

436 2182 547 2262 sentia,
561 2182 729 2269 plenitudo
750 2186 818 2269 ejus
832 2184 865 2247 in
889 2184 1037 2270 praesenti
1059 2204 1262 2268 nequaquam
1285 2182 1388 2263 adest,

436 2284 493 2349 sed
518 2307 750 2371 usquequaque
775 2285 872 2351 latere
898 2308 961 2349 non
988 2298 1102 2372 potest.
1148 2285 1209 2349 Est
1231 2285 1332 2367 igitur
1353 2283 1389 2348 in

435 2387 600 2471 majestate
622 2387 784 2466 mirabilis,
806 2386 994 2453 venerabilis
1015 2387 1047 2451 in
1070 2386 1234 2472 sapientia,
1257 2409 1277 2451 a
1298 2386 1388 2450 boni-

435 2500 502 2554 tate
523 2488 677 2565 amabilis,
700 2503 732 2554 et
755 2489 840 2555 hunc
865 2489 985 2555 cultum
1011 2490 1092 2553 citra
1116 2510 1240 2552 omnem
1266 2486 1385 2551 medie-

436 2600 534 2655 tatem
561 2602 665 2676 potest
694 2591 724 2654 ei
754 2590 858 2654 fidelis
885 2589 1068 2675 impendere
1092 2602 1247 2655 creatura.
1296 2587 1384 2665 Quid

434 2691 518 2755 enirn
534 2713 658 2755 necesse
672 2703 720 2755 est
734 2690 775 2754 ad
792 2691 852 2755 hoc
864 2702 900 2754 ut
912 2713 985 2753 eum
997 2689 1177 2766 timeamus,
1190 2709 1387 2767 veneremur,

379 2809 384 2817 ’
434 2804 466 2857 et
481 2790 676 2876 diligamus?
706 2793 752 2856 Et
767 2791 917 2856 hicforte
931 2805 979 2856 est
993 2789 1157 2854 funiculus
1172 2789 1288 2876 triplex
1303 2789 1387 2853 inter

433 2906 605 2959 creatorem
628 2908 660 2958 et
683 2907 874 2970 creaturam,
889 2898 945 2980 qui
968 2890 1059 2958 facile
1081 2890 1160 2957 solvi
1182 2914 1245 2955 non
1267 2903 1386 2977 potest.

437 2998 499 3064 Sed
531 2998 672 3064 omnium
701 2998 900 3063 tenacissima
928 3010 977 3062 est
1006 3000 1053 3061 vis
1082 2996 1207 3061 amoris.
1260 2998 1385 3062 Caritas

435 3099 593 3185 siquidem
622 3122 787 3185 nunquam
817 3098 947 3180 excidit,
975 3121 1049 3185 quoe
1079 3100 1105 3163 si
1133 3098 1207 3184 quis
1241 3096 1385 3162 adhaeret

433 3203 515 3282 Deo,
530 3202 640 3268 unitur
654 3204 694 3283 ei,
708 3215 741 3268 et
755 3225 827 3266 cum
844 3225 882 3265 eo
899 3224 981 3266 unus
1003 3200 1134 3287 spiritus
1156 3212 1213 3264 est.
1258 3199 1384 3284 Utique

431 3305 488 3391 qui
504 3305 614 3370 unitur
628 3309 669 3380 ei,
681 3317 714 3371 et
729 3308 812 3371 sicut
828 3326 912 3368 unus
927 3303 1069 3389 spiritus,
1085 3303 1130 3366 sic
1144 3300 1308 3366 familiaris
1322 3311 1383 3378 est,

431 3420 465 3473 et
484 3408 525 3472 ab
547 3408 702 3492 obsequio
724 3408 794 3493 ejus
819 3407 908 3493 quod
932 3419 978 3470 est
1002 3405 1035 3468 in
1060 3402 1185 3490 spiritu,
1199 3402 1298 3467 arceri
1319 3424 1382 3466 non

431 3522 545 3593 potest.
595 3508 657 3574 Ille
679 3521 786 3575 autem
811 3507 926 3585 cultus,
951 3506 1063 3593 quiin
1087 3506 1254 3571 exterioris
1277 3503 1381 3590 operis

431 3609 626 3674 exhibitione
649 3611 803 3686 consistit,
818 3609 924 3673 medio
943 3609 1077 3695 indiget,
1092 3631 1130 3673 eo
1153 3607 1240 3693 quod
1255 3606 1296 3670 ad
1319 3608 1384 3691 spi-

431 3709 538 3789 ritum,
553 3712 725 3795 corporalis
739 3712 830 3776 nobis
844 3732 907 3773 non
934 3722 1021 3794 patet
1045 3731 1206 3775 accessus:
1237 3706 1325 3794 quod
1349 3717 1382 3769 et

431 3810 521 3877 illum
536 3809 668 3894 planum
683 3826 731 3874 est
746 3810 903 3883 docuisse,
919 3811 975 3893 qui
995 3810 1028 3873 in
1052 3810 1248 3876 Samaritana
1270 3806 1382 3873 Eccle-

431 3911 509 3977 siam
535 3911 703 3991 instruens,
725 3910 787 3975 ait:
829 3910 968 3995 Spiritus
992 3925 1040 3977 est
1066 3917 1167 3992 Deus,
1189 3925 1221 3976 et
1244 3933 1299 3975 eos
1323 3910 1381 3994 qui

429 4014 541 4079 volunt
555 4012 698 4089 adorare,
713 4011 745 4076 in
762 4012 877 4099 spiritu
892 4024 924 4077 et
941 4014 1072 4080 veritate
1086 4027 1213 4100 oportet
1236 4011 1380 4076 adorare.
1427 4009 1432 4019 ’

431 4117 480 4181 Ut
495 4129 600 4181 tamen
614 4115 654 4179 ad
676 4116 825 4181 thronum
840 4114 927 4180 illius
950 4138 1141 4202 quocunque
1162 4111 1258 4177 modo
1272 4111 1379 4173 humi·

428 4218 527 4284 litatis
542 4231 659 4284 nostrae
674 4217 863 4283 conscendat
874 4218 1053 4288 infirmitas,
1066 4226 1097 4278 et
1109 4211 1248 4296 aliquam
1260 4210 1377 4275 habeat

430 4323 593 4389 materiam
609 4322 805 4398 meritorum,
822 4319 1008 4386 sensualiter
1027 4315 1088 4381 coli
1105 4313 1217 4395 voluit,
1232 4314 1286 4400 qui
1311 4335 1380 4377 sen·
