3384 5234
321 706 391 751 osa.
408 688 468 768 ru]
669 704 927 751 ronrcasrrcus.
1209 694 1270 754 271

321 868 453 935 rantcm,
468 857 570 921 credit
586 869 617 920 et
634 858 784 943 justum?
816 857 902 921 Hinc
922 868 969 921 est
989 856 1083 921 etiam
1103 857 1269 923 consilium

320 959 482 1046 sapientis,
504 959 533 1023 ei
555 959 612 1045 qui
638 957 745 1023 timeri
768 958 903 1044 appetit,
926 958 1036 1037 amari,
1058 959 1217 1040 honorari,
1238 974 1271 1025 et

318 1061 474 1147 praeferri,
494 1075 531 1126 ut
552 1065 660 1127 Deum
683 1061 805 1141 timeat,
820 1072 917 1137 amet,
938 1072 1116 1142 veneretur,
1136 1074 1168 1126 et
1190 1062 1219 1126 ei
1238 1086 1271 1128 se

320 1176 388 1229 tota
408 1164 577 1229 devotione
592 1162 771 1228 submittat.
817 1161 1039 1227 Conditionem
1059 1164 1188 1249 quidam
1205 1188 1272 1231 esse

320 1267 487 1343 definiunt,
498 1267 668 1331 fortuitum
684 1286 828 1351 personae
841 1277 973 1345 statum,
985 1289 1049 1351 quo
1062 1279 1118 1332 aut
1130 1267 1273 1334 adversis

276 1410 280 1417 -
319 1370 521 1456 deprimitur,
546 1385 603 1434 aut
632 1365 799 1432 extollitur
827 1368 1001 1453 prosperis,
1025 1380 1057 1433 et
1087 1369 1274 1435 alterutrius

320 1472 413 1535 sortis
426 1483 572 1536 naturam
590 1468 740 1555 suiipsius
759 1467 839 1531 facie
860 1479 1063 1554 protestatur.
1101 1470 1203 1548 Quale
1224 1482 1272 1536 est

320 1573 409 1659 quod
424 1573 502 1637 alios
522 1593 710 1636 veneramur
723 1570 898 1656 ingenuos;
930 1568 1000 1636 aliis
1021 1571 1148 1636 serviles
1162 1585 1273 1639 contu·

319 1676 428 1740 melias
442 1674 627 1760 irrogamus.
668 1675 808 1738 Istorum
824 1670 954 1737 divitias
968 1672 1121 1749 colimus;
1144 1674 1272 1741 illorum

320 1777 550 1841 contemnimus
564 1787 796 1861 paupertatem.
826 1776 984 1838 Naturam
997 1772 1133 1839 diffinire
1147 1775 1274 1842 difficile

321 1891 380 1953 est,
398 1890 434 1942 ut
452 1878 562 1942 asserit
577 1875 714 1942 Tullius.
760 1877 833 1959 Ego
849 1873 1006 1940 difficilius
1028 1876 1123 1940 credo
1138 1876 1273 1943 diffinire

322 1979 493 2060 fortunam,
505 2003 541 2043 eo
557 1978 643 2065 quod
655 1979 751 2063 hujus
764 1976 864 2054 nulla,
874 1976 959 2041 illius
974 1976 1081 2063 aliqua
1097 1978 1274 2044 substantia

322 2094 378 2148 est.
424 2082 551 2147 Natura
566 2080 721 2167 siquidem
742 2080 836 2145 rebus
851 2077 1004 2164 originem
1019 2081 1160 2167 praebet3
1187 2082 1274 2168 quod

322 2204 521 2269 nequaquam
538 2196 631 2263 esset,
646 2182 718 2247 siin
735 2182 869 2247 veritate
883 2182 952 2265 ipsa
966 2204 1029 2246 non
1046 2196 1136 2249 esset.
1178 2184 1273 2263 Quod

321 2290 406 2352 enim
428 2288 556 2352 omnino
578 2310 640 2351 non
663 2299 721 2366 est,
737 2284 830 2349 alicui
853 2298 1004 2371 praestare
1019 2309 1088 2377 ‘non
1110 2298 1217 2372 potest
1236 2299 1274 2351 ut

322 2392 373 2454 sit.
404 2392 451 2455 At
463 2391 593 2455 fortuna
607 2410 707 2475 quum
724 2410 786 2451 non
799 2387 851 2466 sit,
862 2408 923 2449 non
941 2401 1045 2472 potest
1060 2389 1200 2456 diffiniri.
1232 2391 1273 2453 In

321 2516 359 2556 eo
375 2492 532 2577 siquidem
547 2490 634 2577 quod
657 2511 720 2552 non
742 2501 800 2564 est,
816 2510 878 2551 non
903 2500 1008 2572 potest
1028 2491 1179 2575 cuiquam
1200 2513 1274 2555 con-

322 2604 405 2657 stare
420 2594 500 2677 quid
523 2592 572 2655 sit.
618 2589 763 2653 Efferaut
777 2588 930 2673 Epicurei
953 2590 1130 2674 praecipuas
1149 2602 1273 2654 senten-

324 2693 384 2757 tias
399 2715 482 2768 suas,
498 2714 577 2777 quas
593 2689 689 2776 augias
710 2686 790 2767 δόξας
805 2703 929 2767 vocant,
946 2690 1063 2776 quibus
1085 2690 1185 2757 totius
1199 2690 1275 2755 Phi-

323 2792 476 2877 losophiae
489 2804 606 2879 putant
629 2792 746 2856 servire
766 2815 959 2878 processum,
974 2804 1007 2857 et
1029 2814 1117 2856 more
1130 2814 1189 2857 suo
1210 2792 1275 2857 sor·

324 2908 411 2958 tunae
433 2894 602 2980 subjiciant
629 2898 782 2959 universa.
829 2898 902 2980 Ego
923 2893 955 2958 in
982 2885 1059 2971 hoc,'
1077 2895 1158 2960 sicut
1184 2895 1274 2961 etin

325 2995 479 3080 plurimis,
503 2996 711 3062 Plutarchum
734 3021 845 3063 censeo
870 2995 1077 3074 audiendum,
1100 2996 1157 3083 qui
1181 2997 1275 3062 deam

323 3119 438 3160 caecam
452 3097 614 3161 colendam
631 3121 697 3162 esse
712 3111 818 3184 negat,
833 3120 974 3162 asserens
992 3119 1061 3161 eam
1077 3098 1137 3161 nisi
1151 3121 1170 3161 a
1184 3100 1276 3163 caecis

322 3198 383 3261 coli
410 3221 472 3262 non
498 3221 600 3285 posse.
646 3198 756 3264 Multa
784 3221 915 3285 quoque
939 3199 1090 3285 proponit
1117 3200 1274 3287 exempla,

324 3299 441 3385 quibus
463 3298 565 3385 liquet
587 3320 695 3363 omnes
716 3324 809 3366 caecae
831 3299 900 3365 deae
921 3298 1059 3364 cultores
1078 3313 1222 3378 caecatos,
1241 3312 1274 3364 et

323 3400 539 3487 praecipitatos
553 3401 681 3465 tandem
695 3402 727 3466 in
743 3403 867 3466 foveam
883 3401 1072 3465 exterminii.
1119 3403 1275 3467 Testatur

323 3502 382 3565 hoc
408 3502 523 3582 Galba,
545 3504 602 3589 qui
625 3516 724 3568 totam
747 3517 874 3569 aetatem
898 3503 1074 3567 luculenter
1096 3502 1276 3589 producens

322 3604 355 3667 in
373 3604 505 3678 senium,
521 3605 618 3691 hujus
639 3604 708 3668 deae
728 3604 942 3669 familiaritate
964 3616 996 3668 et
1019 3604 1110 3669 cultu
1129 3605 1163 3668 in
1185 3604 1274 3669 brevi

323 3707 436 3783 elatus,
448 3719 480 3771 et
492 3707 523 3769 in
533 3706 668 3770 breviori
678 3706 896 3793 precipitatus
911 3719 968 3772 est.
999 3706 1144 3785 Qualiter
1154 3719 1274 3785 autem,

322 3809 409 3893 apud
437 3809 623 3873 Suetonium
648 3831 767 3894 quaere.
813 3810 967 3887 Queritur
991 3825 1095 3874 tamen
1122 3809 1275 3896 praefatus

325 3909 548 3997 Philosophus,
562 3925 594 3976 et
609 3912 641 3974 in
657 3934 734 3975 aure
751 3912 819 3997 jam
835 3911 912 3977 dicti
934 3913 1087 3999 principis
1100 3911 1276 3998 lachryma-

324 4011 431 4076 biliter
449 4013 635 4098 ingemiscit,
652 4014 739 4099 quod
763 4013 831 4079 hacc
847 4014 925 4079 vitio
946 4014 1108 4090 caecitatis,
1123 4026 1156 4078 et
1176 4026 1275 4076 teme·

323 4112 426 4177 ritatis
441 4115 594 4198 probrosa
611 4114 681 4191 dea,
697 4129 729 4179 et
744 4116 891 4179 omnibus
911 4117 1119 4199 ignominiosa
1141 4114 1276 4179 numini·

326 4210 398 4288 bus,
420 4214 561 4277 omnium
584 4213 716 4277 deorum
742 4212 862 4297 templa
884 4214 1064 4289 foedaverit,
1087 4225 1119 4276 et
1141 4213 1274 4276 deorum

326 4309 466 4373 omnium
481 4313 680 4397 praeripuerit
695 4311 830 4391 cultum,
845 4325 882 4375 ut
897 4326 1015 4396 praeter
1028 4313 1112 4376 aedes
1128 4312 1278 4397 privatas,
