3384 5234
372 699 568 774 cnr.xx1x.]
724 715 978 762 eonrcnsrrcns.
1264 704 1323 762 lo?

371 889 433 947 eas,
458 890 497 930 ne
522 879 696 955 appareant
723 867 754 930 in
781 879 954 953 conspectu
978 865 1133 946 fidelium,
1153 866 1186 931 in
1213 868 1323 932 sabulo

370 970 546 1034 sterilitatis
565 994 642 1035 suae.
688 970 861 1055 Loquatur
877 969 1020 1046 verbum,
1036 971 1225 1033 sententiam
1249 991 1322 1056 pro-

369 1072 452 1136 ferat
481 1072 513 1136 iu
544 1073 838 1136 condemnationem
869 1093 1020 1149 errorum,
1047 1094 1126 1156 quos
1151 1072 1275 1137 diutius
1304 1097 1323 1136 a

370 1173 464 1237 domo
480 1186 538 1239 tua
552 1172 680 1259 abigere
701 1173 953 1260 procuravimus.
999 1172 1141 1236 Verbum
1165 1173 1326 1260 siquidem

369 1274 496 1359 gladius
511 1289 558 1340 est
581 1277 630 1340 bis
651 1287 776 1355 acutus,
792 1278 882 1339 vivus
905 1285 937 1337 et
959 1277 1082 1351 efficax,
1097 1275 1323 1360 penetrabilior

370 1377 457 1440 omni
471 1375 579 1459 gladio
594 1375 734 1461 ancipiti,
750 1374 935 1459 pertingens
955 1373 1112 1459 usquead
1136 1373 1323 1439 divisionem

370 1475 483 1540 animae
498 1488 529 1539 et
547 1476 688 1562 spiritus,
700 1497 890 1560 compagum
907 1497 1037 1560 quoque
1051 1487 1084 1537 et
1098 1473 1323 1553 medullarum,

372 1577 526 1643 discretor
554 1578 649 1643 etiam
675 1576 915 1663 cogitationum.
971 1578 1156 1640 insensatus
1181 1588 1239 1651 est,
1266 1576 1323 1662 qui

370 1679 430 1743 hoc
454 1678 558 1763 gladio
579 1680 763 1743 imminente
788 1701 850 1742 non
878 1679 978 1742 timet.
1023 1680 1068 1743 Et
1091 1700 1163 1741 ecce
1185 1677 1216 1740 in
1241 1678 1322 1742 facie

371 1783 537 1860 Ecclesiae,
563 1785 595 1846 in
620 1796 791 1870 conspectu
807 1782 949 1847 omnium
975 1782 1127 1847 imminet.
1173 1782 1322 1869 Denique

369 1897 401 1949 et
416 1884 449 1947 in
465 1906 572 1949 omnes
587 1884 747 1969 dirigitur.
794 1883 908 1967 Inquit
922 1883 1024 1946 enim:
1050 1883 1188 1957 Quando
1203 1883 1322 1969 ingres·

370 2008 424 2050 sus
435 1984 532 2049 lueris
543 1998 671 2067 terram,
682 2009 777 2072 quam
791 1986 950 2050 Dominus
962 1990 1051 2051 Deus
1063 2000 1140 2051 tuus
1151 1985 1241 2051 dabit
1252 1987 1327 2067 tibi,

370 2110 446 2153 cave
464 2109 503 2151 ne
518 2086 635 2152 imitari
652 2088 728 2151 velis
743 2087 994 2152 abominationes
1008 2087 1135 2154 illarum
1157 2088 1320 2173 gentium:

369 2208 426 2251 nec
440 2188 619 2254 inveniatur
633 2188 665 2250 in
679 2201 709 2252 te
724 2188 780 2274 qui
791 2188 906 2252 lustret
918 2188 1019 2254 filium
1035 2211 1140 2267 suum,
1152 2202 1209 2254 aut
1223 2190 1320 2255 liliam

369 2310 469 2369 suam,
483 2289 603 2353 ducens
618 2311 675 2374 per
698 2289 817 2375 ignem,
831 2302 888 2352 aut
913 2289 971 2375 qui
995 2289 1109 2353 ariolos
1133 2291 1320 2368 sciscitetur,

369 2401 425 2452 aut
449 2390 597 2453 observet
621 2388 741 2453 somnia
767 2399 823 2453 aut
849 2390 997 2472 auguria,
1020 2412 1060 2452 ne
1084 2393 1124 2454 sit
1148 2390 1319 2467 maleficus,

369 2512 426 2554 uec
447 2492 634 2570 incantator,
655 2510 762 2575 neque
778 2489 942 2574 Pythones
956 2488 1100 2553 consulat
1116 2502 1172 2554 aut
1188 2491 1321 2571 divinos,

368 2604 400 2657 et
426 2605 549 2679 quaerat
573 2615 593 2655 a
618 2594 755 2657 mortuis
779 2591 956 2655 veritatem.
1003 2591 1119 2653 Omnia
1142 2592 1226 2654 enim
1252 2592 1320 2656 haec

367 2694 568 2758 abominatur
592 2693 761 2771 Dominus,
781 2706 812 2757 et
843 2705 974 2778 propter
999 2691 1178 2756 istiusmodi
1205 2691 1321 2757 scelera

368 2792 487 2858 delebit
502 2817 554 2857 eos
569 2796 601 2857 in
617 2794 751 2858 introitu
765 2806 834 2858 tuo.
882 2791 1047 2857 Perfectus
1066 2793 1139 2874 eriS,
1152 2806 1185 2856 et
1199 2794 1320 2880 absque

369 2894 494 2957 macula
508 2917 581 2958 cum
597 2896 736 2959 Domino
756 2899 827 2960 Deo
842 2907 908 2959 tuo.
954 2898 1075 2959 Gentes
1085 2893 1165 2969 istae,
1182 2918 1319 2980 quarum

312 2991 315 2996 ’
369 2996 545 3081 possidebis
570 3009 697 3073 terram,
713 3019 851 3081 augures
873 3009 906 3059 et
926 2996 1051 3060 divinos
1075 2995 1220 3060 audiunt.
1267 3000 1319 3061 Tu

368 3110 474 3162 autem
491 3122 510 3162 a
525 3097 664 3164 Domino
686 3102 756 3163 Deo
769 3112 825 3164 tuo
849 3098 942 3162 aliter
963 3097 1131 3163 institutus
1152 3120 1196 3162 es.
1241 3098 1321 3176 Quis

367 3222 444 3285 ergo
458 3199 583 3264 dubitet
601 3203 669 3265 haec
684 3199 870 3281 criminalia,
884 3213 916 3263 et
931 3222 994 3262 non
1013 3198 1108 3263 modo
1122 3199 1320 3283 languorem,

366 3299 420 3363 sed
451 3301 524 3365 fidei
554 3301 779 3367 exterminium
809 3325 887 3378 esse,
915 3302 1002 3387 quod
1033 3312 1123 3365 tanta
1152 3299 1319 3385 diligentia

367 3402 583 3488 propheticus,
615 3403 712 3468 immo
747 3404 887 3489 Spiritus
920 3402 1019 3467 sancti
1055 3424 1155 3467 sermo
1190 3402 1317 3467 eradit?

367 3501 726 3582 Abominationessunt,
751 3504 877 3570 dicente
902 3504 1058 3569 Domino:
1095 3505 1141 3568 Et
1167 3503 1261 3567 homo
1286 3527 1318 3568 se

367 3601 703 3688 suprabominemfieri
711 3604 873 3689 opinatur,
883 3605 1319 3692 quumistorumassequutus

368 3716 415 3768 est
442 3703 667 3790 disciplinam·
700 3708 835 3790 Propter
861 3705 1040 3772 istiusmodi
1067 3706 1183 3771 scelera
1207 3708 1320 3774 deletae

366 3817 439 3870 sunt
453 3817 576 3891 gentes,
591 3818 622 3871 et
639 3806 779 3871 humana
802 3806 963 3872 temeritas
978 3829 1011 3871 se
1034 3806 1066 3870 in
1090 3806 1141 3871 bis
1163 3809 1318 3896 multipli-

368 3904 432 3969 cari
447 3905 589 3972 confidit.
