3384 5234
414 674 458 735 20
678 688 814 732 Joanurs
830 687 1109 733 saansnnarnusrs
1241 670 1325 747 [orn.
1344 686 1368 730 r.

414 841 562 925 mysteria
585 841 681 904 variis
706 841 931 922 figmentorum
956 841 1129 904 involucris
1150 842 1365 910 obtexentes;

412 945 459 1008 sic
475 954 583 1014 tamen
597 956 634 1007 ut
656 965 697 1007 ex
714 945 839 1007 cautela
860 945 1015 1006 malornm
1038 943 1211 1006 utilitatem
1232 940 1366 1004 induce·

412 1053 493 1122 rent,
514 1054 569 1109 aut
592 1066 635 1108 ex
655 1046 764 1128 lepore
789 1045 943 1127 poematis
963 1046 1166 1127 voluptatem.
1212 1044 1253 1105 In
1275 1061 1369 1104 auras

414 1148 525 1230 itaque
552 1157 678 1230 raptum
701 1145 829 1209 tradunt
855 1146 895 1208 ab
919 1146 1028 1229 aquila
1051 1144 1249 1209 Dardanium
1270 1163 1367 1206 vena·

414 1259 514 1312 torem
530 1247 572 1311 ad
593 1248 722 1331 pocula,
738 1269 757 1310 a
771 1246 890 1328 quibus
910 1246 952 1309 ad
971 1247 1102 1310 illicitos
1124 1257 1156 1310 et
1174 1245 1368 1310 innaturales

413 1350 564 1414 transiret
575 1350 753 1433 amplexus.
786 1349 961 1430 Eleganter
969 1350 1093 1432 utique,
1104 1370 1203 1433 quum
1214 1356 1245 1410 et
1253 1346 1381 1410 leritas‘

412 1450 484 1513 ferri
510 1451 612 1534 possit
638 1451 678 1513 ab
705 1449 790 1523 alite,
816 1462 849 1511 et
875 1450 1022 1532 voluptas
1049 1449 1229 1512 sobrietatis
1254 1448 1367 1528 ignara

412 1552 632 1637 cujuscunque
654 1548 782 1615 libidini
806 1551 955 1634 prostitui
980 1572 1045 1614 non
1072 1550 1239 1614 erubescit
1285 1549 1365 1610 Dux

414 1644 590 1717 Thebanus
606 1655 671 1716 visa
694 1652 837 1715 nuditate
858 1653 944 1715 illius
966 1673 1062 1735 quam
1080 1653 1115 1714 in
1133 1653 1222 1715 silvis
1239 1669 1366 1733 semper

412 1756 564 1833 coluerat,
574 1774 672 1837 quum
683 1754 724 1815 ab
736 1773 840 1815 errore
851 1752 968 1835 pedem
980 1753 1030 1815 sni
1043 1764 1207 1817 revocaret
1221 1754 1365 1828 affectus,

410 1857 470 1918 sub
496 1856 636 1918 humano
663 1874 759 1916 sensu
784 1874 818 1915 se
843 1852 878 1915 in
908 1853 1044 1916 bestiam
1069 1856 1191 1937 stupuit
1214 1855 1363 1919 transfor·

410 1966 542 2033 matum,
555 1954 720 2037 cervisque
736 1954 918 2032 conformis,
932 1975 1029 2037 quum
1046 1953 1239 2020 domesticos
1254 1978 1363 2033 canes,

409 2077 487 2119 voce
507 2066 540 2119 et
559 2055 648 2117 vultu
670 2053 821 2117 niteretur
843 2054 981 2135 abigere,
999 2054 1077 2116 vitio
1099 2077 1205 2138 pravae
1228 2077 1362 2120 consue·

407 2156 541 2234 tudinis,
562 2156 659 2220 totius
680 2155 869 2218 substantiae
891 2177 957 2219 suae
979 2155 1158 2238 dispendio,
1178 2155 1361 2220 eorumdem

406 2257 566 2320 morsibus
592 2256 704 2342 patuit.
750 2257 795 2318 Et
818 2256 898 2319 sorte
921 2256 1028 2318 Deam
1053 2257 1257 2321 venatoribus
1280 2279 1362 2341 prae-

406 2359 519 2433 ferunt,
537 2358 613 2441 quia
627 2357 761 2421 mollitie
777 2358 838 2421 hac
856 2360 905 2420 vel
919 2354 1041 2421 malitia
1053 2358 1143 2421 Deos
1159 2379 1234 2422 suos
1249 2362 1358 2424 volue-

405 2469 479 2523 runt
499 2460 661 2523 infamare.
708 2459 787 2543 Apri
809 2460 959 2523 dentibus
979 2461 1157 2524 extinctum
1178 2460 1358 2526 Adonidem

406 2560 504 2623 deflet
513 2560 633 2636 Venus,
642 2559 900 2641 habenssemper
909 2581 981 2624 cum
992 2561 1159 2624 venatione
1168 2562 1218 2623 rel
1228 2564 1359 2629 robusta

407 2662 643 2725 commercium.
682 2661 770 2723 Dum
785 2662 880 2724 Maro
896 2660 1100 2744 Carthaginis
1115 2664 1187 2726 altae
1196 2662 1359 2746 jocaretur

405 2765 592 2848 hospitium,
615 2763 789 2827 amantium
815 2775 890 2826 rota
916 2765 1085 2827 conciliare
1111 2765 1266 2843 nescivit3
1295 2767 1360 2831 nisi

406 2867 452 2929 eis
475 2868 515 2930 ab
541 2865 778 2950 opportunitate
802 2864 940 2928 venandi
964 2864 1094 2951 dilapsu
1116 2868 1282 2941 comitum,
1305 2870 1360 2932 sil·

406 2988 514 3031 varum
529 2968 668 3031 latebras
683 2976 844 3028 reseraret.
884 2964 937 3028 Sic
954 2965 1033 3028 forte
1049 2959 1124 3050 qriia
1138 2968 1279 3032 studium
1294 2971 1357 3034 hoc

404 3089 424 3131 a
444 3068 643 3132 conscientia
661 3066 870 3151 turpitudinis
889 3066 958 3130 odit
976 3067 1093 3145 lucem,
1109 3069 1191 3132 sicut
1210 3091 1227 3133 e
1247 3082 1357 3135 contra

402 3170 536 3251 legitimi
553 3170 668 3233 amoris
684 3168 810 3252 gaudia,
826 3171 987 3233 solemnes
1001 3170 1085 3232 lucis
1105 3172 1357 3254 suaepraeferunt

404 3273 513 3337 taedas.
547 3274 650 3344 Quem
666 3272 745 3333 mihi
761 3271 854 3334 dabis
867 3272 1003 3334 virorum
1018 3271 1199 3349 illustrium,
1211 3273 1265 3356 qui
1282 3274 1354 3338 hnic

403 3373 558 3456 voluptati
574 3373 777 3435 vehementer
791 3372 977 3435 inhaeserit?
1329 3373 1331 3378 '

508 3489 611 3541 Fixerit
621 3487 759 3557 teripedem
771 3504 872 3539 cervam
882 3486 955 3553 licet,
967 3492 1013 3541 aut
1026 3488 1180 3556 Erymanthi

509 3571 624 3625 Plararit
637 3588 743 3624 nemora

402 3674 503 3736 victor
526 3669 669 3744 Alcides,
685 3690 750 3731 non
772 3671 928 3754 voluptati
951 3692 1027 3746 suae,
1044 3672 1102 3735 sed
1121 3674 1260 3756 publicae
1281 3697 1353 3760 pro-

402 3773 510 3858 spexit
530 3771 667 3834 utilitati.
713 3773 834 3854 Aprum
852 3771 1029 3836 Calidoniae
1049 3776 1218 3839 vastaverit
1232 3778 1353 3844 Melea·

400 3896 465 3958 ger,
479 3895 544 3936 non
560 3873 668 3936 mulsit
683 3873 824 3937 animum
839 3876 1016 3959 voluptate,
1032 3875 1088 3940 sed
1108 3878 1202 3942 hoste
1217 3882 1352 3963 patriam

398 3975 554 4040 liberavit.
599 3974 731 4037 Fuderit
754 3983 866 4039 auctor
885 3976 1024 4039 Romani
1044 3980 1169 4059 generis
1189 4003 1353 4046 cervorum

399 4099 541 4162 corpora,
566 4097 629 4139 non
654 4083 746 4139 vanae
769 4078 942 4162 voluptatis
968 4079 1125 4157 solatium,
1148 4081 1205 4144 sed
1231 4083 1293 4146 sibi
1319 4094 1352 4147 et

398 4180 494 4245 sociis
517 4179 663 4262 quaesivit
686 4178 873 4258 suffragium
896 4179 982 4242 ritae.
1027 4181 1133 4263 Opera
1154 4181 1351 4263 singulorum

398 4306 441 4349 ex
457 4291 584 4360 eventu,
596 4291 627 4343 et
639 4279 803 4363 proposito
816 4283 999 4345 colorantur
1006 4301 1016 4353 ς
1039 4302 1089 4344 res
1101 4282 1222 4366 quippe
1234 4283 1353 4349 decora
