3384 5234
368 719 409 780 lt
621 731 758 777 scaurus
776 728 1057 774 sransnaamusrs
1197 710 1279 790 [ma.
1296 728 1319 772 r.

365 885 542 969 posteritati
556 883 671 946 divinae
686 884 784 946 literae
800 879 1063 945 consecrassent?
1095 882 1195 944 Arcus
1210 881 1320 943 trium·

367 986 481 1070 phales
506 996 582 1053 tunc
611 984 784 1067 proficiunt
809 983 989 1050 illustribus
1011 982 1086 1050 viris
1108 982 1148 1045 ad
1176 983 1322 1062 gloriam,

369 1109 466 1173 quum
479 1107 521 1148 ex
534 1086 650 1169 quibus
662 1084 779 1160 causis,
788 1092 820 1145 et
829 1102 963 1164 quorum
976 1082 1050 1159 sint,
1061 1080 1215 1163 impressa
1225 1080 1322 1143 docet

368 1187 546 1273 inscriptio.
591 1187 809 1255 Liberatorem
829 1184 952 1265 patriae,
975 1183 1171 1246 fundatorem
1196 1182 1322 1268 quietis,

369 1298 445 1351 tunc
469 1286 599 1351 demum
620 1288 784 1368 inspector
799 1284 957 1365 agnoscit,
973 1305 1069 1367 quum
1085 1282 1197 1345 titulus
1212 1281 1320 1344 trium.

368 1387 546 1470 phatorem,
560 1408 654 1470 quem
669 1395 778 1448 nostra
793 1384 961 1453 Britannia
972 1384 1090 1465 genuit,
1103 1383 1224 1446 indicat
1236 1382 1321 1445 Con-

369 1490 555 1554 stantinum.
601 1489 718 1551 Nullus
744 1487 830 1549 enim
862 1486 1023 1549 constanti
1054 1507 1192 1572 unquam
1223 1483 1324 1568 gloria

370 1592 491 1669 claruit,
510 1590 572 1654 nisi
595 1612 637 1653 ex
660 1611 728 1666 su0,
751 1590 799 1651 vel
824 1588 943 1670 scripto
966 1588 1080 1651 alieno.
1126 1586 1251 1650 Eadem
1274 1598 1324 1647 est

370 1694 462 1771 asini,
482 1703 513 1756 et
536 1691 677 1773 cujusvis
696 1690 901 1770 imperatoris
923 1701 996 1770 post
1014 1689 1175 1752 modicum
1197 1700 1324 1770 tempus

269 1794 275 1802 ’
370 1793 470 1876 gloria
480 1814 489 1867 ;
512 1790 572 1853 nisi
588 1800 744 1872 quatenns
765 1788 915 1849 memoria
930 1788 1120 1866 alterutrius,
1135 1789 1324 1871 scriptorum

369 1894 525 1961 beneficio
553 1900 751 1975 prorogatur.
811 1889 899 1960 Quot
929 1899 962 1956 et
992 1902 1129 1971 quantos
1163 1889 1325 1952 arbitraris

370 1996 468 2060 fuisse
497 2014 600 2072 reges,
630 1991 670 2054 de
704 1990 822 2073 quibus
860 2010 962 2051 sermo
992 2010 1151 2072 nusquam
1181 2001 1239 2063 est,
1270 2002 1326 2053 aut

371 2093 546 2178 cogitatio?
585 2092 675 2155 Nihil
703 2113 778 2172 ergo
805 2091 1008 2154 consiliosius
1034 2101 1084 2153 est
1109 2093 1325 2173 captatoribus

372 2196 491 2280 gloria,
505 2215 602 2278 quam
617 2194 812 2256 literatorum
829 2202 861 2254 et
876 2191 1085 2255 scribentium
1100 2192 1241 2256 maxime
1257 2214 1326 2275 gra-

372 2299 449 2363 tiam
462 2295 642 2379 promereri.
687 2294 846 2356 Inutiliter
862 2293 948 2356 enim
963 2295 1009 2356 eis
1025 2305 1175 2374 geruntur
1189 2296 1326 2375 egregia,

373 2396 534 2481 perpetuis
564 2395 706 2458 tenebris
736 2393 941 2472 obducenda,
971 2394 1034 2457 nisi
1063 2395 1222 2458 literarum
1251 2397 1324 2458 luce

373 2499 559 2562 clarescant.
583 2493 747 2577 Quicquid
758 2495 872 2558 favoris
883 2506 938 2556 aut
949 2496 1181 2577 praeconiorum
1198 2496 1325 2559 aliunde

374 2594 577 2671 contrahitur,
592 2593 724 2677 perinde
747 2606 806 2672 est,
822 2615 859 2656 ac
883 2594 912 2657 si
932 2596 1038 2672 Echo,
1059 2617 1155 2679 quam
1178 2596 1271 2659 audis
1291 2598 1330 2660 in

372 2695 502 2773 fabulis,
532 2696 663 2779 plausus
693 2694 838 2777 excipiat
868 2694 1055 2770 theatrales3
1093 2695 1212 2758 desinit
1239 2697 1326 2758 enim

374 2816 472 2879 quum
489 2793 632 2877 coeperit.
671 2793 722 2855 Ad
738 2793 807 2855 haec
824 2793 857 2855 in
874 2794 983 2856 dolore
1000 2795 1157 2870 solatium,
1173 2797 1326 2859 recreatio

375 2898 408 2960 in
423 2897 544 2971 labore,
561 2898 593 2960 in
608 2905 796 2980 paupertate
808 2894 1008 2979 jucunditas,
1023 2895 1182 2960 modestia
1197 2899 1230 2961 in
1247 2899 1329 2962 divi·.

375 2997 428 3062 tiis
450 3009 482 3061 et
504 2998 632 3076 delitiis,
654 2998 838 3062 fidelissime
862 3020 881 3060 a
902 2998 1003 3061 literis
1026 3012 1195 3063 mutuatur.
1242 3002 1326 3064 Nam

375 3121 396 3163 a
411 3101 493 3163 vitiis
515 3100 679 3163 redimitur
701 3101 835 3174 animus,
857 3112 890 3163 et
911 3102 999 3163 suavi
1021 3115 1053 3164 et
1075 3103 1155 3166 mira
1176 3103 1327 3188 quadam,

375 3202 471 3266 etiam
490 3202 523 3265 in
547 3202 700 3280 adversiS,
718 3202 924 3287 jucunditate
944 3203 1095 3281 reficitur,
1111 3227 1211 3287 quum
1228 3206 1266 3267 ad
1282 3207 1330 3267 le«

376 3302 515 3387 gendum
525 3305 572 3367 vel
584 3304 790 3367 scribendum
799 3305 902 3380 utilia,
911 3304 1027 3366 mentis
1035 3305 1172 3366 intendit
1181 3327 1337 3368 acumen.

378 3406 509 3468 Nullam
524 3405 556 3468 in
573 3407 668 3468 rebus
683 3406 832 3469 humanis
847 3403 1085 3488 jucundiorem,
1100 3419 1155 3467 aut
1169 3407 1331 3470 utiliorem.

377 3508 621 3589 occupationem
653 3508 815 3570 invenies:
851 3506 911 3570 nisi
941 3509 1019 3569 sorte
1052 3506 1206 3571 divinitus
1243 3530 1330 3571 com÷

376 3619 498 3690 puncta
513 3605 639 3669 devotio
661 3608 781 3670 orando
798 3608 915 3670 divinis
937 3608 1062 3671 insistat
1081 3610 1260 3692 colloquiis,
1275 3624 1330 3674 aut

378 3705 472 3770 corde
487 3728 544 3789 per
559 3708 721 3771 caritatem
744 3709 886 3787 dilatato,
902 3711 1008 3772 Deum
1029 3722 1137 3772 mente
1158 3711 1331 3794 concipiat,

379 3817 411 3871 et
424 3809 586 3891 magnalia
601 3809 671 3892 ejus
686 3810 772 3892 apud
794 3832 827 3872 se
852 3812 943 3894 quasi
959 3811 1098 3894 quadam
1114 3813 1329 3876 meditationis

378 3930 478 3973 manu
492 3919 671 3992 pertractet.
714 3912 860 3993 Experto
882 3914 987 3989 crede,
1003 3913 1077 3994 quia
1097 3914 1204 3976 omnia
1218 3914 1331 3976 mnndi

381 4012 489 4075 dulcia
508 4011 558 4074 his
573 4013 689 4075 collata
711 4014 885 4089 exercitiis,
900 4025 1117 4090 amarescunt3
1140 4037 1178 4077 eo
1198 4016 1330 4098 quidem

380 4114 491 4196 magis,
504 4135 567 4198 quo
580 4114 696 4196 cuique
709 4135 823 4178 sensus
837 4116 995 4197 integrior,
1007 4127 1039 4179 et
1053 4115 1132 4178 ratio
1148 4116 1331 4197 incorrupta

375 4215 493 4300 judicii
518 4214 654 4296 purioris
680 4214 766 4293 riget
795 4216 951 4279 acumine.
1007 4217 1085 4280 Noli
1115 4238 1189 4298 crgo
1214 4217 1331 4291 mirari,

381 4336 477 4397 quare
502 4316 638 4399 aliquem
663 4314 793 4395 gradum
817 4316 924 4391 scalae,
946 4338 1016 4397 quae
1041 4339 1127 4380 nunc
1153 4318 1220 4379 sola
1241 4317 1331 4381 novit
