3384 5234
533 1199 727 1270 solonis
750 1196 1142 1268 sinnsnnnrnnsn

456 1380 1231 1475 POLYCRATICUS.

813 1594 871 1629 sm

385 1748 430 1797 DE
447 1747 548 1797 NUGIS
565 1745 751 1797 GURIALIUII
769 1746 810 1795 ΕΤ
827 1742 988 1793 VESTIGIIS
1005 1739 1296 1793 runosoruonunt.

424 2108 577 2163 INCIPIT
597 2106 853 2161 ENTHETICUS
872 2105 916 2159 IN
936 2104 1262 2160 POLYCIIATICUM.

660 2275 773 2338 Auctor
786 2276 829 2338 ud
840 2298 913 2360 opus
926 2297 1021 2338 suum,

369 2408 406 2472 S1
422 2406 499 2471 mihi
515 2406 699 2489 credideris,
713 2407 856 2493 linguam
872 2407 1046 2484 cohibebis,
1062 2418 1096 2472 et
1110 2407 1193 2472 ouloe

412 2508 540 2575 LimIna
555 2531 617 2574 non
635 2508 734 2574 intret
748 2533 804 2597 pes
818 2522 910 2576 tuus:
933 2524 1000 2577 esto
1014 2511 1112 2576 domi.

367 2613 526 2697 Aspectus
541 2608 708 2674 hominum
724 2624 836 2676 contus
851 2613 953 2677 nitere
968 2623 1141 2689 memento,

411 2712 455 2776 Et
469 2710 528 2776 tibi
543 2711 727 2776 commissus
742 2712 856 2777 claude
871 2713 980 2778 libelle
995 2726 1095 2779 notus.

368 2813 488 2879 Omnia
502 2811 567 2876 sint
581 2823 727 2897 suspecta
742 2813 812 2891 tibi,
829 2812 905 2901 quie
919 2814 1066 2901 publicus
1080 2813 1178 2879 hostis

410 2916 455 2980 Et
469 2913 644 3001 majestatis
658 2914 774 2981 diceris
789 2940 857 2982 esse
874 2940 955 2984 reus.

366 3017 453 3102 Ignis
468 3017 562 3098 edax,
576 3016 765 3106 gladiusque
780 3018 869 3084 ferox
884 3018 943 3083 tibi
958 3017 1039 3082 forte
1054 3029 1221 3104 parentur:

411 3121 480 3184 Aut
494 3130 527 3184 te
542 3119 664 3205 pollute
678 3122 811 3185 subruet
824 3121 925 3185 hostis
939 3140 1034 3207 nque.

369 3224 483 3300 Quum
497 3233 604 3287 temen
621 3222 745 3300 exieris,
762 3221 878 3287 faciem
892 3221 1012 3287 velabit
1025 3218 1170 3296 amiotus,

414 3323 669 3412 Deformentque
685 3338 773 3389 tuem
790 3324 894 3412 pulvis
909 3333 1167 3400 enutrientem,

368 3426 492 3492 Dextra
506 3427 588 3493 leret
602 3428 735 3512 virgam,
752 3440 877 3515 premet
892 3439 925 3493 et
939 3450 997 3493 sus
1011 3429 1150 3493 mantica
1164 3428 1311 3492 dorsum:

410 3529 504 3594 Trite
517 3541 628 3615 tegant
643 3529 781 3595 frontem
797 3530 891 3618 pilea,
907 3553 984 3617 pero
1000 3531 1126 3617 pedem.

369 3630 419 3696 Sit
432 3632 549 3716 gradus
565 3643 599 3697 et
613 3632 726 3710 cultus,
742 3633 872 3698 habitus
885 3633 1071 3720 peregrinus
1085 3633 1185 3711 eunti,

412 3733 486 3798 Non
501 3733 562 3798 nisi
576 3734 757 3800 barbariem
772 3735 908 3801 barbare
923 3735 1032 3820 lingue
1046 3746 1146 3800 sonet.

368 3836 421 3900 De
439 3835 642 3903 Pintnvorum
657 3836 744 3902 dices
758 3848 791 3903 te
805 3850 902 3922 gente
917 3849 1071 3916 creatum,

414 3937 498 4003 Nam
513 3938 590 4004 licet
603 3938 653 4004 his
667 3938 777 4025 lingua
791 3940 939 4005 liberiore
953 3940 1051 4028 loqui.

369 4038 575 4128 Hospitiique
591 4040 687 4106 fidem
703 4064 828 4130 quoeres
842 4065 938 4128 super
952 4042 1069 4120 omnin,
1086 4065 1151 4130 quo
1164 4043 1206 4108 sis

412 4142 517 4209 Tutus
532 4145 574 4208 eb
589 4143 721 4223 insidiis,
737 4169 816 4234 quas
831 4146 890 4211 tibi
905 4147 1039 4234 quisque
1055 4157 1154 4233 perat.

370 4243 502 4327 Stultos,
516 4244 690 4331 prudentes
704 4246 851 4326 nimium,
865 4271 1041 4336 parvosque
1056 4248 1193 4330 cavebis,

414 4344 458 4410 Et
471 4367 552 4433 quos
565 4344 707 4431 insignes
721 4348 849 4433 garrule
863 4348 973 4434 lingue
986 4348 1071 4414 lucit.

411 4467 484 4514 von.
502 4470 552 4515 111.
834 4474 856 4517 n
