3384 5234
321 710 392 755 cna.
408 692 468 771 vn]
693 704 949 751 ronrcnnrrcus.
1210 694 1271 753 281

322 859 527 924 Exteriorum
552 879 689 942 namque
711 855 825 921 notitia
851 855 934 920 oculi
955 866 986 919 et
1011 855 1097 920 auris
1119 857 1272 943 obsequio

322 962 501 1027 fidelissime
517 962 630 1025 transit
645 958 686 1023 ad
703 959 851 1034 animam,
867 972 897 1023 et
914 958 1077 1024 thesauros
1095 960 1200 1024 cordis
1215 983 1272 1025 sae·

321 1064 396 1151 pius
412 1064 522 1149 lingua
536 1063 665 1127 incauta
679 1060 845 1147 dispergit.
891 1060 985 1137 Quod
1002 1084 1077 1125 vero
1096 1062 1227 1127 audiens
1241 1075 1274 1127 et

325 1165 435 1230 videns
464 1164 593 1250 adjecit,
624 1161 775 1250 sapientis
799 1159 959 1246 judicium
989 1163 1152 1248 exprimit,
1177 1164 1274 1249 juxta

323 1267 423 1332 illud:
454 1265 574 1329 Beatus
594 1265 650 1351 qui
672 1263 817 1349 loquitur
836 1262 868 1326 in
890 1285 966 1326 aure
986 1263 1154 1328 audientis.
1200 1264 1274 1328 Non

324 1370 434 1455 itaque
452 1367 665 1433 beatificatum
683 1390 715 1430 se
729 1365 808 1428 dicit
826 1363 942 1449 linguis
961 1364 1136 1442 bominum,
1152 1390 1227 1452 quae
1241 1366 1274 1429 in

325 1472 512 1536 alterutram
532 1482 655 1557 partem
670 1467 717 1532 vel
734 1489 853 1545 amore,
868 1467 917 1531 vel
933 1468 1007 1531 odio
1021 1468 1204 1553 frequenter
1217 1468 1276 1531 im-

326 1573 499 1660 pelluntur.
524 1571 688 1636 Sufficitei
701 1568 1277 1657 testimoniumconscientiae,praeser-

327 1680 384 1741 tim
395 1697 495 1761 quum
505 1674 688 1739 roboratum
700 1674 740 1738 sit
747 1671 873 1757 judicio
881 1671 1069 1757 sapientum.
1093 1676 1154 1748 Eo,
1161 1671 1276 1757 inquit,

327 1777 413 1863 quod
427 1776 606 1840 liberassem
621 1795 807 1860 pauperem,
816 1773 990 1859 pupillum,
1001 1784 1032 1837 et
1041 1774 1233 1860 periturum,
1244 1786 1276 1838 et

328 1879 508 1944 consolatus
518 1902 587 1943 sum
598 1900 651 1941 cor
663 1876 778 1941 viduae.
805 1877 844 1938 In
858 1876 908 1940 bis
919 1876 1002 1940 enim
1015 1877 1152 1942 maxime
1163 1877 1279 1963 princi-

328 1982 409 2066 palis
423 1980 520 2044 claret
536 1979 723 2055 auctoritas,
733 2001 807 2065 quae
822 2001 842 2041 a
857 1978 997 2043 Domino
1006 1979 1156 2046 instituta
1163 1997 1222 2058 est,
1238 1980 1279 2043 ad

329 2083 460 2169 injurias
481 2080 722 2169 propulsandas.
769 2084 851 2145 Hoec
875 2081 1003 2168 quidem
1018 2105 1115 2169 opera
1133 2095 1207 2148 sunt
1222 2082 1280 2146 mi-

331 2186 520 2259 sericordiae,
543 2198 576 2249 et
590 2187 651 2249 erit
674 2205 787 2248 nomen
811 2184 935 2269 agentis
953 2208 1000 2261 ea,
1024 2185 1227 2250 benedictum
1248 2184 1281 2247 in

331 2288 445 2353 secula.
490 2287 556 2354 Sed
585 2310 642 2351 nec
671 2286 781 2350 credas
811 2308 883 2349 eum
914 2287 1089 2352 remissiore
1116 2286 1283 2353 clementia

330 2390 418 2455 vitiis
433 2389 597 2455 audaciam
617 2387 820 2474 praestitisse:
846 2388 869 2449 J
872 2387 992 2465 ustitia,
1012 2389 1125 2474 inquit,
1148 2389 1284 2453 indutus

331 2514 413 2567 sum,
429 2509 463 2556 et
478 2490 656 2554 diademate
676 2488 801 2574 judicio
827 2510 908 2550 meo.
954 2491 1092 2554 Causam
1116 2512 1213 2575 quam
1229 2513 1284 2554 ne·

332 2593 479 2671 sciebam,
502 2590 741 2675 diligentissime
761 2587 1003 2672 investigabam.
1048 2590 1185 2674 Oportet
1199 2591 1283 2654 enim

327 2693 471 2777 judicem
494 2703 609 2755 cuncta
630 2689 749 2765 rimari,
771 2699 804 2753 et
826 2688 969 2755 ordinem
992 2713 1095 2755 rerum
1122 2694 1217 2777 plena
1237 2690 1286 2754 in·

334 2792 505 2879 quisitione
528 2792 698 2868 discutere,
724 2813 781 2854 nec
803 2802 877 2855 ante
901 2791 1031 2855 obviare
1055 2791 1161 2872 alicui,
1188 2794 1285 2879 quam

334 2917 428 2960 causa
443 2898 483 2959 sit
499 2894 648 2980 legitimis
663 2893 839 2958 rationibus
853 2893 1032 2979 plenissime
1047 2894 1191 2960 limitata.
1235 2896 1285 2961 Ut

335 2997 416 3061 enirn
433 2996 478 3061 ait
493 2997 628 3076 ethicus,
649 2996 690 3059 ad
713 2987 932 3083 poenitendum
956 3010 1117 3083 properat,
1139 2997 1286 3083 quisquis

335 3100 399 3163 cito
423 3097 559 3185 judicat.
619 3098 829 3164 conterebam
856 3098 955 3162 molas
979 3097 1093 3184 iniqui.
1149 3102 1287 3186 Iniquus

335 3214 393 3281 est,
420 3199 567 3286 quisquis
592 3198 636 3271 in,
644 3198 775 3285 judiciis
805 3199 951 3292 sequitur
976 3221 1039 3264 non
1068 3221 1207 3281 causam,
1231 3201 1286 3265 sed

300 3299 305 3307 ’
335 3303 486 3389 praedam.
531 3301 596 3377 Qui
625 3304 669 3365 sic
699 3322 831 3364 munera
860 3298 976 3385 diligit,
1000 3313 1035 3367 ut
1057 3314 1211 3387 sequatur
1239 3325 1289 3366 re-

336 3404 534 3469 tributiones.
579 3405 625 3468 Et
647 3402 721 3468 licet
744 3424 873 3489 aequum
897 3408 950 3479 sit,
973 3404 1061 3490 quod
1083 3403 1224 3470 decernit
1246 3404 1287 3468 ad

336 3506 489 3591 pretium,
510 3504 651 3570 avaritiae
671 3504 808 3569 serviens
823 3506 930 3591 pergit
945 3509 978 3570 in
1001 3520 1146 3573 mortem.
1191 3506 1288 3571 Unde

338 3609 502 3694 sequitur:
530 3609 576 3672 Et
598 3607 638 3671 de
661 3606 812 3671 dentibus
826 3606 913 3671 illius
932 3608 1115 3673 auferebam
1137 3609 1289 3695 praedam,

337 3710 568 3797 dicebamque:
593 3714 630 3775 ln
657 3708 769 3773 nidulo
799 3732 870 3774 meo
895 3711 1020 3776 moriar.
1063 3716 1207 3777 Mentem
1229 3713 1289 3776 ita·

338 3837 401 3899 que
437 3825 669 3900 composuerat,
699 3811 756 3898 qui
784 3836 890 3877 rerum
921 3836 1049 3878 suarum
1080 3813 1290 3901 amplitudine

283 3957 285 3961 .
338 3927 507 3979 contentus
522 3927 600 3978 erat.
646 3919 714 3980 Nec
729 3915 873 3980 avaritiae
893 3928 950 3980 aut
964 3916 1146 3981 ambitionis
1161 3914 1291 3980 stimulo

340 4016 526 4100 urgebatur,
537 4029 574 4080 ut
586 4016 716 4080 domum
729 4016 852 4094 domui,
862 4040 975 4102 agrum
988 4041 1065 4102 agro
1071 4019 1290 4102 conjungeret,
1381 4044 1384 4050 ·

341 4138 443 4202 usque
458 4117 498 4180 ad
515 4117 666 4182 terminos
678 4116 749 4191 loci,
765 4140 802 4181 ac
817 4122 843 4182 si
858 4117 944 4182 solus
956 4118 1158 4183 habitaturus
1168 4130 1249 4182 esset
1258 4118 1290 4180 in

342 4217 506 4301 superficie
526 4230 629 4281 terrae.
676 4214 718 4279 Et
742 4218 824 4281 sicut
846 4217 953 4302 palma
973 4218 1193 4303 multiplicabo
1212 4218 1292 4283 dies.

342 4316 424 4379 Rem
443 4310 680 4379 admirandam!
704 4315 891 4381 Aristoteles
910 4316 943 4379 in
959 4318 1095 4403 septimo
1117 4316 1291 4400 problema-
