3384 5234
421 669 481 728 176
675 681 811 727 scaurus
826 680 1106 727 sunnsanmarvsrs
1215 664 1299 738 [nra.
1316 680 1369 725 ιιι.

419 832 564 910 Venena,
586 831 692 918 inquit
713 830 848 918 sapiens,
872 852 935 894 non
959 830 1086 909 dantur,
1110 827 1170 895 nisi
1191 829 1288 894 melle
1311 829 1372 893 cir·

420 933 561 1000 cumlita.
607 932 780 1020 Nullaeque
804 932 993 997 occultiores
1018 943 1093 997 sunt
1116 932 1253 1015 insidiae,
1276 953 1373 1018 quarn

420 1036 481 1113 boe,
498 1058 571 1122 quae
591 1036 693 1101 latent
714 1036 748 1100 in
771 1034 974 1113 simulatione
989 1034 1093 1112 officii,
1109 1045 1166 1099 aut
1187 1035 1295 1121 aliquo
1316 1058 1375 1098 ne·

421 1141 622 1208 cessitudinis
635 1141 775 1208 nomine.
806 1140 861 1204 Tu
876 1139 1066 1226 obsequium
1081 1151 1184 1226 putas,
1199 1140 1372 1205 amicitiam

421 1242 600 1329 suspicaris,
619 1243 740 1308 metiris
761 1243 929 1320 affectum;
955 1241 1081 1307 insidiae
1102 1253 1186 1308 sunt.
1234 1242 1314 1321 Nec,
1338 1255 1374 1307 ut

422 1345 525 1409 estin
547 1345 674 1428 fabulis,
694 1346 858 1433 (quoniam
879 1359 913 1409 et
934 1344 1102 1409 mendacia
1123 1357 1288 1432 poetarum
1311 1367 1376 1409 ser-

422 1447 514 1513 viunt
526 1449 663 1533 veritati)
679 1450 767 1514 Juno
788 1449 938 1514 Semelen
958 1448 1127 1535 deceptam
1142 1448 1175 1512 in
1190 1448 1375 1512 incendium

423 1552 611 1638 impulisset,
635 1552 661 1617 si
691 1574 754 1617 non
781 1563 865 1616 esset
879 1551 1022 1629 ,nutricis
1047 1551 1161 1616 induta
1190 1552 1315 1627 faciem,
1342 1561 1376 1615 et

424 1655 560 1720 mentita
573 1655 733 1721 affectum.
778 1653 856 1718 Tibi
879 1653 981 1718 credis
1003 1653 1146 1739 impendi
1167 1654 1375 1719 famulatum:

421 1767 576 1822 extremae
591 1773 624 1823 et
639 1756 827 1823 miserrimae
842 1756 1008 1843 subjiceris
1023 1758 1176 1824 servituti.
1223 1758 1308 1822 Nam

751 1885 829 1935 quum
840 1866 943 1920 facilem
956 1867 1066 1920 distillat
1074 1869 1101 1919 in
1113 1885 1201 1921 aurem

529 1954 672 2022 Exiguum,
684 1954 717 2006 de
728 1960 827 2006 naturae
838 1954 944 2023 vitiique
955 1972 1064 2019 veneno,

423 2046 602 2131 dispeream
618 2047 678 2110 nisi
693 2045 881 2110 submoveat
900 2067 1011 2110 omnes
1031 2046 1086 2131 qui
1101 2068 1176 2111 vera
1191 2048 1375 2133 loquuntur,

423 2146 587 2230 dedignati
609 2146 828 2211 assentationis
850 2146 957 2210 subire
979 2159 1099 2213 notam.
1147 2148 1285 2213 Lumine
1301 2152 1376 2215 sub-

425 2260 580 2326 movetur,
595 2263 630 2313 et
650 2248 733 2313 bene
756 2248 781 2313 si
803 2270 867 2313 non
885 2248 1050 2333 judicatur
1070 2248 1228 2330 inimicus,
1244 2252 1299 2338 qui
1319 2276 1378 2338 po·

424 2351 521 2417 tentis
535 2350 629 2416 amici
645 2350 870 2438 voluptatibus,
880 2350 977 2416 etiam
993 2351 1186 2439 turpioribus
1201 2375 1264 2417 non
1281 2356 1377 2419 modo

424 2453 623 2535 contradicit,
639 2454 695 2519 sed
716 2454 813 2520 etiam
837 2477 901 2519 non
925 2455 1091 2521 consentit.
1138 2455 1299 2543 Equidem
1315 2480 1376 2522 nec

425 2577 595 2623 consensus
605 2558 646 2622 ad
657 2557 793 2643 gratiam
807 2558 932 2637 sufficit,
942 2559 1128 2644 approbare,
1140 2559 1378 2642 commendare,

424 2659 630 2746 applaudere,
640 2659 811 2725 insanienti
822 2682 951 2725 necesse
966 2670 1028 2726 est:
1044 2683 1145 2748 quum
1156 2661 1264 2726 omnia
1275 2662 1377 2726 male·

425 2762 547 2841 fecerit,
556 2762 734 2827 laudandus
747 2780 796 2827 est
810 2762 900 2849 quasi
916 2784 950 2826 re
964 2763 1048 2827 bene
1059 2774 1157 2848 gesta.
1190 2764 1280 2829 Sicut
1290 2764 1378 2828 enim

426 2864 576 2931 identitas
601 2866 813 2945 voluntatum,
839 2865 956 2930 amoris
984 2865 1139 2931 indicium
1169 2881 1236 2944 est3
1269 2865 1314 2932 sic
1339 2888 1379 2931 ex

426 2968 579 3047 dissensu,
595 2968 833 3034 inimicitiarum
854 2968 989 3058 quisque
1009 2991 1082 3035 reus
1101 2968 1254 3055 arguitur.
1301 2969 1378 3033 Pro·

427 3072 503 3137 inde
520 3072 681 3159 Satyricus
695 3071 811 3161 inquit,

533 3206 605 3270 Quid
617 3207 711 3260 Romae
722 3204 837 3259 faciam?
856 3207 960 3260 mentiri
971 3208 1057 3260 nescio
1064 3227 1071 3271 ;
1089 3207 1192 3268 librum,

532 3291 654 3345 Simulus
666 3297 715 3357 est,
727 3309 828 3361 nequeo
838 3291 946 3345 laudare
958 3298 985 3345 et
996 3309 1114 3364 posccrs;
1134 3299 1220 3347 motus

532 3378 670 3431 Astrornm
681 3379 784 3445 ignoro;
802 3377 879 3432 funus
891 3379 1040 3450 promittere
1052 3380 1134 3450 patris

534 3464 592 3516 Nec
603 3462 670 3529 volo,
682 3482 730 3517 nec
742 3481 857 3536 possum,
877 3481 998 3517 ranarum
1008 3466 1108 3518 viscera
1119 3483 1250 3534 nunquam

533 3549 656 3621 Inspexi3
673 3548 741 3603 ferre
753 3551 787 3602 ad
798 3556 907 3621 nuptam
918 3567 975 3619 quae
986 3551 1066 3603 mittit
1079 3551 1190 3615 adulter,

534 3636 602 3697 Qua
613 3636 728 3701 mandat,
739 3642 833 3690 norunt
843 3637 903 3701 alii3
921 3654 963 3689 me
974 3654 1050 3689 nemo
1062 3638 1179 3689 ministro

534 3722 588 3774 Fur
600 3724 658 3785 erit,
670 3728 749 3792 atque
760 3724 820 3776 ideo
831 3722 895 3776 nulli
908 3740 994 3775 comes
1007 3739 1083 3785 exeo,
1095 3728 1218 3791 tanquam

535 3806 655 3873 Menona,
667 3814 694 3861 et
706 3810 829 3861 extinctas
841 3807 933 3880 corpus
946 3826 997 3861 non
1009 3807 1073 3861 utile
1085 3808 1195 3860 dexrroe.

432 3920 534 4005 Fugio
570 3942 647 4004 ergo
679 3920 792 3984 urbem
827 3919 924 3983 tantis
957 3916 1206 3983 obscenitatibus
1237 3914 1381 4002 plenam3

429 4024 630 4089 adulatorum
646 4022 800 4089 veneficio
819 4022 1000 4101 toxicatam,
1016 4022 1081 4087 suis
1095 4018 1311 4086 adulatoribus
1325 4019 1382 4083 de·

429 4124 583 4211 relinquo.

851 4233 951 4287 Vivant
962 4233 1085 4286 Arturius
1096 4233 1163 4297 istic,

536 4320 572 4372 Et
585 4318 707 4385 Catulum
725 4325 847 4372 maneant
859 4320 903 4389 qui
915 4320 1018 4385 nigrum
1030 4320 1058 4370 in
1070 4318 1180 4371 candida
1189 4322 1302 4382 vortunt.
