3384 5234
425 711 483 770 106
663 723 802 769 ronnurs
816 725 1098 773 snussunnmnsrs
1234 714 1317 793 [cru.
1335 733 1371 777 11.

418 871 617 938 institutione
632 876 705 949 Dei,
722 887 754 939 et
770 885 893 941 naturae
909 876 1071 952 beneficio,
1094 879 1239 965 quaedam
1261 882 1372 945 futura

416 974 513 1059 signis
527 975 738 1060 praeveniunt.
764 978 796 1040 Si
809 978 909 1063 igitur
918 979 1056 1044 coelestia
1069 980 1158 1064 signa
1167 994 1240 1046 sunt
1253 1005 1370 1060 rerum,

416 1098 491 1162 quae
512 1076 623 1163 procul
644 1077 744 1142 dubio
756 1093 900 1143 venturae
920 1094 994 1145 sunt
1011 1082 1192 1162 necessario,
1201 1106 1301 1170 quum
1318 1108 1372 1149 eas

416 1178 624 1244 immutabilis
645 1176 812 1265 dispositio
834 1182 1041 1263 ordinaverit,
1065 1184 1143 1268 quid
1166 1184 1315 1270 prohibet
1332 1209 1369 1249 ea

415 1303 490 1366 quoe
505 1282 679 1345 coelestium
689 1280 950 1367 praenunciantur
963 1281 1080 1345 indicio
1096 1283 1169 1347 sciri
1184 1285 1225 1349 ab
1242 1284 1367 1347 homine

416 1395 448 1447 et
464 1381 584 1446 homini
597 1381 732 1446 invicem
756 1381 916 1447 indicari?
941 1382 1040 1466 Signa
1062 1383 1218 1468 siquidem
1234 1384 1369 1447 homini-

416 1484 477 1548 bus
491 1483 567 1549 data
579 1496 654 1549 sunt
663 1485 704 1548 ad
719 1483 942 1559 cruditionem,
952 1504 1016 1545 non
1029 1482 1103 1560 illis,
1119 1485 1174 1572 qui
1190 1483 1367 1549 coelestium

415 1585 528 1650 conscii
545 1599 736 1650 secretorum
754 1583 851 1647 nullis
863 1582 1009 1667 indigent
1025 1582 1132 1667 signis.

415 1878 495 1963 Cap.
513 1883 563 1941 20.
589 1878 682 1952 Quod
691 1878 900 1959 providentia
919 1879 983 1940 Dei
999 1899 1106 1941 rerum
1130 1887 1286 1943 naturam
1301 1901 1367 1943 non

452 1979 594 2059 perimit,
609 1998 711 2058 nequa
725 1980 821 2040 series
835 1998 945 2041 rerum
959 1980 1109 2041 immutat
1115 1982 1365 2061 providentiam,

456 2086 487 2141 et
501 2079 588 2159 quod
599 2080 733 2142 uberum
748 2080 917 2141 arbitrium
932 2087 1041 2142 manet
1054 2102 1127 2143 curn
1138 2083 1354 2162 providentia.

454 2280 660 2343 Puoenmnrn
674 2278 805 2365 quidem
821 2292 895 2344 suut
911 2279 990 2355 haee,
1007 2301 1079 2364 quae
1097 2293 1290 2364 proponunt,
1305 2281 1361 2343 sed

411 2392 516 2445 tamen
532 2402 689 2444 venenum
704 2380 755 2444 hie
771 2381 831 2444 sub
845 2380 938 2443 melle
952 2380 1039 2444 latet.
1085 2381 1228 2443 Fatalem
1244 2381 1362 2446 etenim

410 2481 571 2567 quandam
587 2486 802 2547 necessitatem
819 2483 915 2547 rebus
932 2481 1101 2568 imponunt
1116 2482 1177 2545 sub
1201 2495 1362 2566 praetextu

410 2582 599 2648 humilitatis
613 2584 839 2647 etreverentioe
856 2585 929 2661 Dei,
945 2584 1092 2649 timentes
1107 2606 1146 2646 ne
1161 2584 1245 2647 forte
1262 2584 1362 2667 ipsius

410 2697 584 2750 evacuetur
606 2684 782 2770 dispositio,
814 2686 873 2749 nisi
897 2708 1003 2749 rerum
1033 2696 1165 2749 eventus
1193 2685 1361 2748 necessitas

409 2786 589 2850 comitetur.
636 2784 795 2849 Praeterea
818 2784 1021 2870 privilegium
1047 2784 1163 2848 divinae
1191 2784 1363 2869 majestatis

408 2886 605 2972 irrumpunt,
621 2886 782 2952 seientiam
806 2886 1020 2964 vendicantes,
1035 2908 1101 2971 qua
1123 2897 1267 2971 tempora
1281 2907 1364 2971 prae·

408 2987 538 3053 videant
553 3001 584 3052 et
602 3006 771 3065 momenta,
781 3011 856 3073 quae
872 2988 928 3051 filii
944 2986 1134 3069 testimonio,
1149 2987 1249 3073 patris
1263 3009 1362 3050 reser-

409 3102 483 3153 vata
499 3101 573 3153 sunt
595 3091 757 3176 potestati,
779 3090 860 3154 adeo
877 3091 1009 3176 quidem
1036 3103 1071 3154 ut
1092 3089 1277 3154 abscondita
1302 3087 1364 3152 sint

409 3187 450 3250 ab
461 3188 561 3252 oculis
576 3211 698 3268 eorum,
708 3190 827 3275 quibus
838 3190 901 3254 Dei
912 3190 1210 3274 filiusquaecunque
1219 3188 1362 3252 audierat

408 3302 531 3373 apatre
553 3291 712 3373 patefecit.
759 3289 886 3352 Deinde
909 3304 1029 3353 mentes
1051 3290 1215 3353 hominum
1239 3303 1364 3354 tumore

408 3387 552 3452 elationis
574 3389 744 3464 extollunt,
768 3399 825 3450 aut
847 3386 1076 3470 desperationis
1099 3390 1363 3473 pusillanimitate

406 3498 623 3572 prosternunt,
645 3486 724 3550 dum
745 3485 796 3548 vel
818 3484 916 3549 vitam
939 3486 1138 3568 diuturnam,
1162 3503 1219 3555 aut
1250 3492 1363 3556 mundi

366 3657 370 3665 ⁸
406 3608 558 3672 prospera
567 3585 754 3672 dejiciendis
766 3585 971 3671 promittunt,
982 3587 1182 3652 velecontra
1193 3591 1359 3654 imminen-

375 3757 379 3767 ,
408 3689 454 3751 tia
462 3687 541 3764 fata,
552 3700 608 3751 aut
621 3672 717 3752 seculi
733 3687 867 3750 adversa
878 3689 1041 3751 minantur
1050 3687 1218 3776 erigendis
1266 3693 1362 3755 Certe

407 3788 598 3874 superiorem
615 3788 749 3868 timoris,
760 3785 811 3851 vel
822 3786 1003 3851 inferiorem
1020 3787 1086 3873 spei
1102 3788 1360 3875 molam,quibus

407 3889 509 3954 fidelis
520 3890 625 3954 anima
636 3890 668 3953 in
680 3888 872 3953 areamundi
883 3889 1009 3966 teritur,
1020 3879 1131 3953 tolle're
1139 3890 1360 3976 prohibentur.

408 3993 544 4057 Tollunt
560 4006 663 4057 tamen
687 3992 799 4057 tamin
823 4014 924 4071 suam,
939 4004 971 4055 et
992 3991 1151 4080 clientulae
1174 4015 1240 4055 suae
1255 3993 1359 4078 perni-

406 4079 1097 4179 ciem,quamincontumciiamprohibentis.
1142 4097 1262 4157 Verum
1276 4092 1358 4156 sicut

406 4196 501 4260 series
523 4219 628 4260 rerum
652 4195 713 4260 Dei
735 4193 966 4281 providentiam
990 4217 1053 4257 non
1075 4194 1236 4273 immutat,
1259 4195 1302 4259 sic
1326 4208 1356 4259 et

406 4312 525 4366 aeterna
539 4298 714 4385 dispositio,
729 4320 834 4362 rerum
846 4309 991 4363 naturam
1008 4321 1070 4362 non
1082 4298 1218 4382 perimit.
1243 4299 1357 4385 Neque
