3384 5234
298 690 368 733 cae.
385 673 497 752 avua]
647 691 901 737 ronvcnamcns.
1212 680 1251 736 97

301 837 486 923 simpliciter
506 842 676 925 conjuncta
697 840 871 926 disjungat,
886 862 948 903 non
971 840 1074 904 inanis
1095 841 1156 905 erit
1177 862 1250 904 con-

299 939 414 1023 ceptio,
437 964 510 1025 quae
533 942 633 1005 totins
659 941 912 1025 investigationis
934 938 1096 1025 sapientiae
1121 941 1252 1026 expedi·

300 1041 449 1104 tissimum
464 1044 548 1126 parit
564 1043 659 1105 viam.
694 1044 760 1106 Hic
774 1055 821 1105 est
833 1042 916 1105 enim
929 1044 1027 1106 totius
1042 1039 1252 1126 philosophiae

298 1142 558 1222 instrumentum,
594 1143 680 1230 quod
718 1158 750 1207 et
790 1131 926 1207 mentem
965 1143 1045 1207 mira
1075 1142 1252 1207 subtilitate

299 1244 438 1320 exacuit,
465 1256 498 1307 et
524 1267 573 1307 res
603 1242 745 1327 singulas
769 1267 789 1307 a
815 1265 849 1307 se
874 1243 1007 1307 invicem
1036 1257 1157 1309 naturae
1183 1268 1251 1309 suae

298 1347 491 1432 proprietate
505 1346 685 1430 distinguit.
732 1345 765 1409 Si
781 1346 1015 1410 abstrahentem
1032 1346 1141 1410 tuleris
1161 1345 1252 1410 intel-

298 1446 620 1523 lectum,‘liberalium
637 1447 753 1510 artium
776 1446 899 1509 officina
914 1446 1043 1532 peribit,
1059 1470 1155 1532 quum
1171 1449 1252 1512 citra

297 1548 399 1633 ipsius
428 1571 556 1634 operam
582 1547 669 1612 nulla
694 1571 802 1612 earum
829 1549 890 1612 rite
915 1548 1025 1612 haberi
1053 1550 1168 1628 valeat,
1194 1562 1251 1614 ant

298 1650 413 1713 doceri.
459 1649 524 1713 Hic
538 1649 644 1735 itaque
660 1649 741 1713 sicut
756 1649 890 1712 formam
911 1650 976 1713 sine
993 1650 1136 1728 materia,
1152 1653 1196 1716 sic
1216 1667 1249 1716 et

295 1753 459 1814 materiam
483 1750 669 1834 aggreditur
692 1754 760 1814 sine
781 1750 902 1823 forma;
937 1764 968 1814 et
993 1752 1081 1836 quod
1109 1753 1246 1836 propriae

298 1850 429 1914 virtutis
457 1852 599 1936 potentia
629 1864 735 1915 tenere
764 1873 825 1914 non
859 1850 984 1928 sufficit,
1016 1874 1074 1915 sno
1109 1852 1249 1938 quodam

299 1951 425 2016 defectu
442 1952 602 2016 interdum
618 1950 868 2037 comprehendit,
883 1965 919 2015 ut
937 1952 962 2014 si
980 1949 1148 2016 videantur
1163 1966 1250 2016 tene-

299 2054 365 2118 brae
380 2075 440 2116 non
454 2052 603 2131 videndo,
615 2066 646 2116 et
663 2075 725 2116 non
740 2052 901 2115 audiendo
914 2052 1076 2116 silentium
1087 2053 1248 2119 audiatur.

299 2157 382 2220 Ecce
397 2176 459 2218 uon
475 2166 523 2218 est
544 2154 639 2218 homo
659 2157 715 2239 qui
736 2176 798 2217 non
821 2154 861 2217 sit
882 2153 985 2229 albus,
1001 2168 1058 2218 aut
1078 2155 1178 2238 niger,
1194 2169 1250 2219 aut

298 2256 391 2320 medii
419 2255 531 2320 coloris
556 2256 731 2341 particepS,
755 2278 811 2318 nec
838 2268 942 2340 potest
970 2278 1035 2318 esse
1063 2255 1169 2331 homo,
1191 2256 1249 2341 qui

298 2380 359 2420 non
382 2360 489 2421 statim
502 2356 542 2419 sit
558 2355 674 2441 aliquis
686 2355 791 2432 homo,
809 2380 908 2441 quum
926 2356 1010 2420 idem
1027 2357 1066 2421 sit
1079 2357 1173 2421 alicui
1185 2381 1251 2422 esse

296 2470 328 2521 et
357 2479 454 2536 unum
486 2479 619 2520 numero
648 2480 724 2520 esse.
770 2462 986 2522 Veruntamen
1018 2462 1061 2521 sic
1090 2458 1250 2523 hominem

295 2558 475 2623 intellectus
491 2558 632 2642 attingit,
647 2576 682 2621 ut
698 2558 736 2621 ad
755 2556 911 2621 neminem
928 2560 1087 2622 hominem
1103 2573 1250 2645 aspectus

299 2659 384 2724 illius
406 2660 587 2738 descendat,
608 2660 799 2744 generaliter
825 2661 962 2736 intuens,
986 2660 1073 2746 quod
1101 2682 1161 2723 non
1189 2661 1249 2723 nisi

297 2761 500 2843 singulariter
521 2784 588 2823 esse
608 2774 724 2846 potest.
771 2760 860 2823 Sicut
881 2761 964 2824 enim
986 2761 1111 2824 dicendi
1129 2774 1160 2824 et
1185 2762 1248 2845 sig-

297 2860 456 2939 nificandi,
487 2862 530 2924 sic
559 2874 591 2925 et
620 2861 816 2944 intelligendi
847 2862 1025 2940 diversitas,
1056 2862 1247 2926 subsistendi

298 2963 409 3025 modos
424 2963 474 3025 sui
490 2964 715 3027 numerositate
730 2965 938 3039 transcendit,
953 2976 983 3026 et
1002 2963 1095 3026 homo
1110 2967 1168 3047 qui
1184 2985 1247 3025 non

296 3073 400 3147 potest
435 3061 495 3124 nisi
531 3061 734 3145 singulariter
767 3084 844 3140 esse,
879 3061 1049 3125 universali
1085 3061 1247 3126 clauditur

296 3162 410 3226 mentis
424 3162 636 3247 conceptione.
675 3162 800 3227 Diffinit
816 3185 893 3246 ergo
909 3162 989 3226 ratio
1005 3163 1094 3246 quod
1110 3162 1248 3248 concipit

296 3261 485 3338 intellectus,
509 3261 624 3324 animal
647 3261 799 3325 rationale
822 3262 965 3341 mortale,
991 3261 1079 3344 quod
1105 3262 1136 3324 in
1164 3260 1247 3325 solos

296 3362 441 3426 subditos
461 3363 583 3442 cadere,
602 3364 719 3426 nemini
739 3375 823 3425 recte
847 3362 1037 3447 sapientium
1061 3363 1248 3446 ambiguum

296 3477 354 3528 est.
409 3465 496 3541 Dum
523 3466 633 3549 itaque
659 3486 764 3527 rerum
801 3463 1025 3527 similitudines
1050 3477 1082 3527 et
1109 3463 1247 3527 dissimi-

296 3562 448 3629 litudines
476 3564 610 3649 colligit,
640 3564 718 3628 dum
755 3564 970 3629 differentium
997 3564 1248 3643 convenientias,

295 3680 328 3731 et
366 3666 622 3729 convenientium
658 3665 852 3729 differentias
886 3664 981 3730 altius
1016 3677 1249 3750 perscrutatur,

294 3767 372 3830 dnm
399 3767 478 3852 quid
510 3764 634 3849 singula
663 3787 734 3829 cum
765 3765 924 3849 pluribus,
959 3764 1038 3849 quid
1068 3788 1141 3829 cum
1173 3787 1251 3848 pau-

295 3868 434 3932 cioribus
469 3889 637 3931 commune
672 3867 820 3944 habeant,
853 3866 1041 3951 diligentins
1070 3867 1252 3950 investigat,

292 3993 407 4053 quaeve
436 3970 531 4032 rebus
557 3967 690 4051 singulis
715 3966 827 4029 adesse
858 3988 982 4029 necesse
1013 3968 1067 4044 sit,
1090 3989 1164 4051 quae
1193 3967 1248 4029 ab·

295 4093 447 4136 essenon
471 4070 608 4155 possint,
631 4067 842 4152 perspicacius
868 4065 1111 4151 contemplatur,
1133 4066 1252 4129 multos

294 4171 382 4257 apud
406 4193 438 4233 se
459 4176 567 4233 rerum
592 4168 715 4231 invenit
738 4181 851 4244 statua,
873 4165 950 4229 alios
973 4166 1103 4251 quidem
1126 4165 1251 4228 unirer-

294 4273 388 4347 sales,
413 4269 493 4333 alios
519 4265 708 4351 singulares.
754 4268 841 4342 Quos
867 4286 926 4350 pro
952 4265 1083 4328 arbitrio
1110 4286 1168 4325 sno
1197 4263 1251 4328 de-

345 4391 417 4435 von.
435 4392 486 4434 111.
767 4388 791 4431 Η
