3384 5234
428 676 490 735 114
685 687 821 732 Joauurs
837 686 1116 732 saaasasarausm
1233 670 1315 750 [nra.
1332 692 1374 736 1v.

430 837 539 912 Quum
553 848 658 901 autem
669 837 796 901 eosdem
806 837 845 901 ad
859 838 1022 903 caritatem
1036 851 1066 902 et
1077 837 1274 903 concordiam
1287 863 1376 904 revo-

427 952 537 1017 casset,
568 938 649 1003 dixit
680 936 740 1001 sibi
770 950 922 1024 tanquam
952 938 1093 1019 homini,
1110 951 1142 1003 et
1171 942 1229 1025 qui
1251 941 1378 1027 judicio

427 1040 604 1127 subjaceret
625 1037 834 1119 sacerdotum,
847 1038 994 1103 illicitum
1017 1061 1083 1103 esse
1098 1042 1241 1103 Deorum
1261 1042 1379 1105 exami-

426 1161 501 1203 nare
516 1161 637 1212 causas,
654 1138 788 1225 quinon
805 1150 936 1223 possunt
949 1137 1008 1201 nisi
1025 1161 1043 1201 a
1059 1138 1125 1201 solo
1140 1142 1211 1203 Deo
1227 1140 1376 1225 judicari.

428 1238 632 1323 Libellosque
656 1260 736 1324 quos
757 1250 922 1323 acceperat
945 1260 1007 1301 nou
1027 1238 1196 1323 inspectos,
1218 1240 1306 1305 dedit
1328 1242 1375 1306 in-

425 1341 547 1420 cendio,
561 1353 689 1426 patrum
706 1340 827 1403 veritus
841 1339 972 1403 crimina
988 1338 1035 1402 vel
1050 1341 1188 1405 convitia
1203 1342 1377 1426 publicare,

427 1454 459 1506 et
486 1441 587 1508 Cham
617 1442 744 1526 reprobi
767 1440 824 1504 filii
851 1439 1100 1504 maledictionem
1129 1441 1299 1521 incurrere,
1322 1445 1379 1530 qui

426 1546 526 1632 patris
541 1543 678 1608 verenda
690 1567 752 1608 uon
768 1543 859 1608 texit.
904 1544 1001 1606 Unde
1016 1555 1049 1608 et
1065 1543 1097 1606 in
1114 1545 1240 1630 scriptis
1257 1547 1380 1611 Nicolai

426 1646 563 1710 Romani
588 1645 753 1711 Pontificis
779 1645 864 1708 idem
891 1643 1009 1708 dixisse
1034 1656 1202 1708 narratur:
1244 1648 1322 1711 Vere
1352 1650 1378 1711 si

425 1747 564 1836 propriis
577 1746 677 1811 oculis
692 1746 840 1811 vidissem
864 1745 1057 1809 sacerdotem
1075 1747 1150 1825 Dei,
1165 1760 1221 1811 aut
1241 1748 1379 1834 aliquem

424 1873 533 1915 eorum
552 1850 608 1935 qui
629 1848 811 1912 monachico
827 1846 939 1911 babitu
960 1846 1186 1911 circumamicti
1209 1862 1294 1930 sunt,
1309 1874 1380 1936 pec-

426 1963 561 2027 cantem,
577 1950 775 2033 chlamydem
792 1971 893 2012 meam
913 1946 1115 2034 explicarem,
1131 1962 1162 2013 11
1186 1951 1377 2034 cooperirem

425 2074 511 2131 eum,
536 2072 575 2113 ne
603 2051 644 2114 ab
674 2050 781 2135 aliquo
812 2050 984 2114 videretur.
1030 2048 1094 2115 Sed
1119 2062 1152 2114 et
1179 2049 1378 2114 Theodosius

426 2172 559 2235 magnus
586 2152 775 2234 Imperator,
797 2149 839 2213 ob
867 2150 1010 2214 meritam
1037 2170 1163 2230 noxam,
1185 2172 1246 2213 non
1273 2165 1377 2215 tamen

424 2264 556 2316 eotenus
571 2272 713 2335 gravem,
728 2273 747 2313 a
762 2250 926 2316 sacerdote
942 2248 1174 2315 Mediolanensi
1188 2274 1206 2314 a
1221 2251 1375 2336 regalium

425 2375 485 2417 usu
506 2364 538 2416 et
562 2351 739 2435 insignibus
761 2352 884 2438 imperii
908 2375 1078 2438 suspensus
1099 2366 1158 2429 est,
1175 2367 1207 2417 et
1227 2352 1378 2419 indictam

424 2454 483 2518 sibi
500 2453 718 2539 poenitentiam
731 2454 891 2517 homicidii
903 2455 1058 2540 patienter
1073 2466 1106 2517 et
1117 2454 1287 2519 solenniter
1301 2456 1377 2539 egit.

426 2556 575 2619 Profecto
592 2566 628 2618 ut
650 2553 788 2618 doctoris
809 2557 953 2639 gentium
977 2554 1156 2619 testimonio
1178 2567 1261 2632 utar,
1278 2556 1379 2639 major

424 2668 472 2721 est
496 2655 553 2741 qui
579 2654 749 2731 benedicit,
774 2676 870 2737 quarn
902 2654 958 2739 qui
985 2653 1195 2732 benedicitur,
1220 2667 1252 2719 et
1281 2678 1378 2741 penes

424 2780 519 2844 quem
546 2769 593 2820 est
615 2753 813 2819 conferendae
836 2751 1001 2839 dignitatis
1023 2757 1206 2831 auctoritas,
1229 2780 1301 2821 eum
1324 2757 1376 2821 cui

423 2857 563 2943 dignitas
585 2856 654 2942 ipsa
675 2855 850 2931 confertur,
867 2855 994 2918 honoris
1016 2856 1185 2942 privilegio
1207 2859 1377 2923 antecedit.

423 2959 524 3022 Porro
538 2957 578 3020 de
593 2956 712 3019 ratione
730 2955 825 3040 juris,
840 2955 910 3041 ejus
925 2967 971 3018 est
995 2954 1088 3029 nolle,
1105 2958 1198 3042 cujus
1220 2970 1268 3022 est
1284 2959 1376 3036 velle,

423 3072 454 3123 et
467 3061 536 3145 ejus
551 3071 598 3123 est
610 3057 745 3133 auferre,
758 3055 813 3142 qui
829 3056 870 3119 de
881 3058 955 3141 jure
967 3056 1112 3120 conferre
1122 3070 1237 3141 potest.
1262 3063 1376 3123 Nonne

425 3161 552 3225 Samuel
566 3161 598 3223 in
617 3160 741 3222 Saulem
759 3180 798 3221 ex
814 3180 909 3221 causa
924 3157 1149 3223 inobedientiae
1171 3158 1377 3245 depositionis

423 3264 608 3328 sententiam
624 3259 712 3336 tulit,
728 3272 758 3323 et
774 3259 850 3322 11111
866 3262 954 3344 regni
970 3259 1090 3345 apicem
1106 3261 1259 3327 humilem
1275 3261 1375 3325 filium

423 3363 486 3428 lsai
502 3362 711 3445 subrogavit?
739 3358 772 3424 Si
789 3381 864 3421 vero
879 3362 1071 3424 constitutus
1089 3360 1235 3447 princeps
1250 3383 1377 3445 suscep·

423 3477 492 3528 tum
519 3462 728 3527 ministerium
755 3459 893 3524 fideliter
919 3459 1063 3546 gesserit,
1089 3477 1198 3528 tantus
1222 3463 1251 3526 ei
1276 3464 1376 3527 honor

422 3564 621 3628 exhibendus
643 3576 702 3643 est,
724 3574 756 3625 et
778 3562 953 3625 reverentia
976 3575 1077 3641 tanta,
1099 3576 1254 3649 quantum
1278 3575 1375 3649 caput

421 3664 568 3728 omnibus
592 3664 742 3726 membris
768 3662 908 3748 corporis
935 3663 1103 3727 antecellit.
1150 3663 1242 3727 Gerit
1268 3676 1374 3726 autem

419 3760 629 3829 ministerium
651 3763 799 3842 fideliter,
820 3786 922 3849 quum
944 3788 1010 3828 suae
1032 3764 1221 3829 conditionis
1245 3785 1374 3845 memor,

421 3864 637 3930 universitatis
660 3864 876 3949 subjectorum
900 3888 933 3928 se
955 3887 1120 3949 personam
1143 3888 1252 3948 gerere
1272 3887 1376 3930 recor-

421 3968 528 4044 datur,
554 3979 586 4030 et
612 3990 645 4029 se
669 3988 730 4029 non
756 3967 813 4030 sibi
839 3989 926 4031 suam
953 3970 1063 4040 vitam,
1088 3966 1142 4029 sed
1167 3966 1236 4030 aliis
1259 3966 1375 4030 debere

420 4066 591 4153 cognoscit,
616 4078 648 4130 et
674 4089 742 4129 eam
774 4066 835 4131 illis
865 4065 1011 4131 ordinata
1039 4065 1170 4131 caritate
1197 4066 1376 4131 distribuit.

421 4167 540 4252 Totum
565 4189 642 4251 ergo
666 4190 698 4229 se
726 4170 795 4230 Deo
822 4167 929 4243 debet,
955 4165 1124 4251 plurimum
1154 4188 1222 4232 suae
1249 4169 1373 4253 patriae,

420 4272 559 4339 multum
583 4270 777 4355 parentibus,
796 4269 997 4355 propinquis,
1014 4270 1172 4335 extraneis
1195 4270 1372 4350 minimum,
