3384 5234
329 698 399 741 aaa.
415 681 499 759 xxa]
674 699 929 746 aonrcaamcns.
1220 690 1276 748 lll

327 848 412 911 entia
437 848 654 925 existentium,
678 850 875 934 praescientia
899 853 1092 929 futurorum,
1112 834 1280 935 dispositio

324 947 553 1029 faciendorum,
575 950 776 1035 providentia
797 950 1092 1034 gubernandorum,
1116 951 1281 1036 praedesti-

326 1048 412 1113 natio
442 1050 664 1121 salvandorum
702 1066 758 1115 est.
817 1053 863 1116 Et
893 1065 940 1114 eat
970 1052 1209 1136 praedestinatio
1239 1054 1280 1119 ab

328 1165 446 1215 aeterno
470 1152 583 1236 gratiae
613 1152 817 1237 praeparatio,
843 1175 900 1237 per
929 1176 1026 1238 quam
1058 1153 1279 1239 unusquisque

327 1266 459 1317 vocatur
474 1253 513 1317 ad
530 1254 641 1330 vitam,
665 1255 747 1317 sicut
761 1254 807 1318 ait
825 1256 1014 1339 Apostolus,
1032 1257 1122 1332 Quos
1143 1255 1280 1336 praedes-

329 1354 452 1432 tinavit,
472 1356 531 1417 hos
552 1368 584 1419 et
603 1354 746 1428 rocavit3
774 1366 807 1418 et
825 1378 907 1440 quos
925 1357 1061 1432 vocavit,
1084 1356 1142 1420 hos
1163 1371 1195 1422 et
1211 1358 1282 1441 jus-

329 1454 472 1531 tificavit,
488 1478 568 1540 quos
586 1470 694 1520 autem
712 1456 911 1539 justificavit,
934 1457 990 1519 hos
1009 1470 1039 1521 et
1056 1458 1281 1541 magnificavit.

330 1556 376 1619 Et
391 1556 484 1632 alius,
501 1556 600 1641 Apud
617 1568 648 1620 te
663 1569 722 1632 est,
738 1556 855 1642 inquit,
871 1558 942 1623 fons
958 1559 1044 1632 vitae‚
1061 1571 1093 1623 et
1112 1560 1146 1623 in
1162 1559 1281 1623 lumine

329 1670 387 1719 tuo
413 1656 591 1719 videbimus
620 1657 735 1720 lumen.
782 1660 829 1721 Ut
856 1679 931 1738 ergo
957 1659 1114 1721 reverenti
1141 1659 1280 1744 quadam

329 1756 462 1821 audacia
485 1758 613 1822 scientia
635 1759 697 1821 Dei
721 1781 795 1843 quae
817 1758 912 1820 finem
934 1760 1045 1837 nescit,
1067 1760 1117 1822 vel
1139 1782 1281 1824 sermone

328 1858 422 1921 finem
439 1860 596 1950 inveniat:
635 1861 766 1924 scientia
786 1864 847 1924 Dei
870 1873 916 1924 est
937 1863 1079 1924 omnium
1101 1886 1175 1948 quae
1195 1875 1282 1938 sunt,

329 1960 472 2036 fuerunt,
493 1973 525 2024 et
546 1960 655 2025 futura
677 1974 762 2041 sunt,
781 1984 858 2026 vera
872 1963 1120 2046 comprehensio,
1136 1978 1167 2028 et
1188 1966 1282 2049 plena

330 2061 450 2125 notitia.
475 2066 589 2128 Omnia
602 2062 759 2148 siquidem
770 2086 844 2125 vera
857 2063 956 2139 novit,
967 2076 998 2127 et
1009 2064 1085 2145 sola,
1097 2063 1282 2149 nullamque

329 2161 481 2246 dignatur
497 2186 666 2247 agnoscere
680 2163 861 2226 falsitatem.
900 2164 981 2225 Eam
996 2174 1100 2226 tamen
1117 2163 1283 2248 dijudicat,

329 2275 359 2325 et
386 2263 584 2327 condemnat.
631 2265 691 2327 Est
717 2264 818 2347 igitur
847 2264 1020 2327 necessario
1046 2264 1180 2341 infinita,
1207 2286 1284 2349 quae

329 2365 478 2428 universa
500 2387 575 2428 vera
597 2364 830 2449 complectitur,
853 2387 991 2449 quornm
1013 2365 1126 2450 utique
1148 2388 1210 2428 non
1233 2378 1281 2430 est

329 2487 492 2544 numerus,
515 2477 570 2528 aut
594 2464 675 2529 adeo
696 2464 851 2545 infinitus,
873 2478 908 2529 ut
932 2467 1025 2529 finem
1047 2488 1109 2529 non
1130 2466 1283 2543 inveniat,

331 2567 390 2630 nisi
412 2568 443 2630 in
468 2565 622 2651 sapientia
647 2565 718 2642 Dei,
740 2590 813 2651 quae
839 2566 905 2629 sola
927 2567 1060 2651 seipsam
1084 2577 1205 2651 quanta
1229 2566 1282 2642 sit,

332 2668 429 2732 novit.
475 2667 565 2730 Nihil
585 2667 685 2751 igitur
705 2690 814 2730 eorum
833 2690 907 2753 quae
923 2668 1023 2747 novit,
1038 2666 1188 2752 quoniam
1209 2688 1284 2729 vera

333 2781 419 2843 sunt,
441 2771 611 2846 evanescit,
630 2768 839 2854 omniumque
856 2768 1095 2853 dispositorum,
1115 2768 1285 2853 praesentia

334 2869 417 2942 sint3
454 2882 616 2953 praeterea,
639 2891 677 2931 an
700 2869 823 2946 futura,
846 2870 973 2934 initium
997 2883 1029 2933 et
1051 2892 1146 2934 causa
1169 2868 1284 2933 veritas

333 2983 390 3032 est.
436 2968 605 3033 Psalmista
620 2969 776 3053 siquidem
792 2973 855 3033 ait:
896 2969 1092 3053 Principium
1114 2968 1282 3031 verborum

334 3082 462 3133 tuorum
489 3068 616 3145 veritas,
643 3094 717 3156 quae
743 3071 832 3135 nullo
859 3071 986 3135 defectu
1014 3070 1062 3133 sui
1091 3066 1284 3133 transibunt.

333 3170 530 3235 Transibunt
553 3183 657 3234 tamen
681 3171 796 3235 coelum
820 3184 852 3235 et
876 3184 970 3244 terra,
994 3170 1144 3254 quoniam
1167 3181 1199 3233 et
1225 3171 1285 3234 hoc

334 3273 374 3335 de
389 3272 494 3335 verbis
510 3272 652 3336 veritatis
672 3284 737 3335 est:
763 3286 839 3336 tunc
855 3274 967 3357 utique
988 3294 1060 3334 cum
1083 3270 1285 3333 deformitate

335 3371 446 3435 mundi
467 3385 615 3458 purgata,
629 3373 856 3437 reformabitur
876 3372 993 3437 coelum
1015 3392 1133 3434 novum
1154 3382 1186 3432 et
1202 3382 1286 3432 terra

338 3495 428 3535 nova.
477 3474 597 3538 Sentiat
613 3474 832 3559 unusquisque
854 3474 941 3560 quod
961 3473 1022 3538 Dei
1038 3472 1117 3535 fides
1132 3470 1183 3533 vel
1206 3468 1287 3533 ratio

337 3573 525 3659 persuadet3
560 3598 619 3657 ego
643 3576 709 3638 sine
735 3576 923 3659 praejudicio
951 3574 1115 3639 sententiaa
1139 3570 1288 3649 melioria,

337 3697 410 3737 vera
425 3675 526 3737 modis
540 3675 571 3738 in
587 3676 882 3739 omnibusarbitror
897 3676 1035 3740 infinita:
1061 3694 1163 3758 quum
1174 3671 1207 3734 in
1219 3692 1287 3734 om·

336 3777 429 3842 nibus
445 3799 516 3861 quaa
529 3790 645 3840 suntet
661 3800 735 3862 quae
745 3799 808 3840 non
823 3790 908 3852 aunt,
924 3777 964 3840 ab
979 3774 1071 3839 initio
1082 3796 1149 3837 esse
1163 3792 1288 3835 necesse

339 3878 391 3954 ait,
408 3878 457 3941 vel
478 3899 540 3939 non
561 3901 648 3951 esse;
672 3892 703 3942 et
727 3900 837 3942 eorum
858 3901 933 3963 quae
955 3872 1211 3943 contradictoriae
1230 3894 1287 3956 op·

337 3992 513 4063 ponuntur,
528 3979 663 4043 alterum
688 4002 811 4065 semper
832 4001 873 4041 ex
895 3978 1080 4042 necessitate
1102 3976 1142 4038 sit
1167 3994 1288 4037 verum.

340 4080 446 4143 Tanta
461 4102 537 4164 ergo
556 4081 782 4144 numerositate
805 4079 899 4143 semel
915 4092 947 4144 et
962 4079 1056 4142 simul
1071 4095 1218 4138 verorum
1234 4094 1289 4134 ex·

339 4182 447 4256 crevit,
469 4194 527 4245 aut
548 4181 656 4265 potius
676 4181 783 4247 extitit
802 4201 967 4254 numerus,
983 4192 1020 4243 ut
1040 4178 1168 4241 omnino
1188 4171 1287 4235 minui

341 4293 474 4364 nequeat
494 4281 545 4343 vel
560 4282 681 4365 augeri,
697 4293 728 4344 et
750 4300 982 4363 usquequaque
997 4279 1028 4340 in
1044 4296 1149 4337 aevum
1164 4280 1288 4333 maneat
