3384 5234
478 682 542 741 256
737 693 1169 740 JonnN1ssnnEanR1ENS1s
1291 679 1371 759 [mu.
1388 699 1434 742 1v.

483 846 560 919 filio,
576 846 668 932 cujus
684 845 942 932 praevaricatione
958 850 1097 932 populus
1115 847 1212 911 Israel
1228 871 1265 911 ea
1280 848 1331 911 die
1348 848 1435 913 visus

483 961 530 1013 est
545 947 709 1013 corruisse.
748 947 825 1012 Heli
840 970 969 1035 quoque
991 948 1063 1014 licet
1079 963 1207 1015 sanctus
1230 950 1261 1014 in
1285 974 1317 1014 se
1340 949 1435 1014 fuisse

484 1050 618 1136 legatur,
633 1050 711 1136 quia
725 1049 863 1115 filiorum
879 1051 1021 1137 pepercit
1037 1051 1133 1129 vitiis,
1145 1074 1253 1116 aversa
1269 1052 1344 1117 sella
1355 1053 1435 1117 frac·

485 1152 527 1218 tis
552 1152 729 1217 cervicibus
754 1175 915 1229 corruens,
941 1152 1126 1241 exspiravit.
1172 1156 1220 1220 Ut
1247 1155 1287 1219 de
1312 1156 1436 1221 eaeteris

486 1266 617 1334 taceam,
631 1266 789 1339 quantum
811 1278 922 1341 quaeso
945 1254 1106 1342 publicam
1126 1255 1290 1321 hominum
1312 1257 1437 1336 dilexit,

485 1364 517 1421 et
540 1355 691 1441 quaesivit
712 1354 858 1431 salutem,
881 1356 938 1443 qui
960 1357 1090 1444 proprio
1110 1357 1177 1424 filio
1199 1380 1261 1422 non
1283 1361 1437 1444 pepercit,

487 1455 541 1522 aed
569 1477 628 1542 pro
655 1455 747 1519 nobis
773 1456 906 1521 tradidit
931 1456 1033 1536 illum,
1061 1470 1096 1522 ut
1124 1481 1197 1543 qnae
1223 1481 1439 1524 merueramus

487 1560 625 1634 vincula,
641 1556 777 1643 flagella,
791 1581 915 1622 crucem
938 1560 1105 1625 sustineret
1125 1560 1284 1642 immunis,
1299 1574 1331 1626 et
1350 1561 1439 1624 inno-

488 1682 562 1725 cens
596 1669 697 1722 morte
726 1656 909 1743 turpissima
943 1657 1172 1723 condemnatus
1206 1673 1263 1724 est.
1313 1663 1439 1745 Regum

490 1772 631 1827 scrutare
646 1759 821 1838 historiam,
833 1761 875 1824 ad
889 1759 949 1825 hoc
960 1761 1099 1847 petitum
1115 1785 1221 1848 regem
1237 1786 1256 1826 a
1272 1766 1342 1827 Deo
1358 1763 1442 1827 inve-

488 1862 567 1942 nies,
578 1874 615 1926 ut
626 1859 819 1947 praecederet
834 1859 945 1925 faciem
963 1861 1085 1946 populi,
1100 1874 1131 1925 et
1148 1862 1348 1948 praeliaretur
1362 1861 1445 1929 bella

492 1987 613 2040 eorum,
642 1976 674 2027 et
700 1962 740 2026 ad
771 1962 1011 2027 similitudinem
1037 1963 1181 2050 gentium
1208 1964 1308 2029 totius
1334 1964 1444 2051 populi

493 2088 588 2131 onera
611 2064 789 2129 sustineret.
836 2066 899 2142 Qui
916 2077 1020 2130 tamen
1038 2087 1100 2130 non
1122 2066 1227 2132 fuerat
1242 2068 1444 2143 necessarius,

495 2168 553 2233 nisi
569 2179 601 2231 et
619 2165 716 2230 Israel
730 2166 959 2251 praevaricatus
973 2180 1054 2233 esset
1069 2168 1101 2232 in
1118 2168 1357 2234 similitudinem
1373 2193 1446 2253 gen·
1514 2222 1520 2235 .

496 2269 590 2347 tium,
606 2280 642 2333 ut
659 2265 730 2331 Deo
752 2289 826 2351 rege
849 2268 908 2332 sibi
924 2292 986 2333 non
1007 2270 1170 2335 videretur
1189 2293 1255 2335 esse
1270 2284 1447 2336 contentus

499 2374 534 2439 Si
559 2369 641 2435 enim
664 2368 824 2456 justitiam
852 2391 909 2456 per
935 2394 967 2435 se
996 2372 1156 2450 coluisset,
1182 2373 1208 2436 si
1233 2373 1264 2436 in
1292 2374 1449 2438 mandatis

500 2466 630 2539 Domini
660 2470 796 2536 fideliter
822 2472 1025 2550 ambulasset,
1051 2496 1110 2560 pro
1139 2474 1239 2537 nihilo
1269 2475 1450 2541 humiliaret

500 2581 590 2642 Deus
604 2574 711 2641 hostes
730 2595 851 2652 eorum,
867 2574 899 2640 'et
921 2598 1018 2663 super
1036 2575 1225 2641 tribulantes
1243 2599 1295 2641 eos
1310 2577 1450 2643 mitteret

499 2700 628 2745 manum
642 2699 741 2752 suam,
754 2690 790 2741 ut
803 2677 897 2743 solito
909 2678 969 2742 Dei
982 2678 1102 2743 auxilio
1115 2701 1197 2743 unus
1207 2691 1451 2766 persequeretur

500 2781 597 2861 mille,
611 2794 643 2845 et
659 2780 724 2845 duo
735 2779 885 2865 fugarent
900 2781 1007 2846 decem
1024 2782 1133 2848 millia.
1165 2784 1334 2870 Hospitem
1346 2806 1450 2848 meum

500 2882 718 2949 Placentinum
745 2881 863 2947 dixisse
889 2883 1003 2961 recolo,
1029 2883 1133 2947 virum
1161 2885 1275 2972 utique
1301 2885 1453 2971 sanguine

503 3005 699 3068 generosum,
726 2982 894 3047 habentem
924 2983 1126 3069 prudentiam
1156 2985 1269 3052 mundi
1294 2987 1392 3072 hujus
1421 2986 1452 3048 in

503 3085 617 3149 timore
632 3082 774 3158 Domini,
789 3083 849 3146 hoc
864 3086 896 3147 in
908 3082 1093 3150 civitatibus
1111 3083 1211 3152 ltalioe
1223 3110 1281 3152 usu
1297 3086 1456 3172 frequenti

503 3184 742 3251 celeberrimum
758 3208 836 3264 esse,
853 3186 941 3271 quod
958 3184 1036 3251 dum
1052 3209 1159 3274 pacem
1176 3187 1325 3275 diligunt,
1341 3202 1373 3253 et
1388 3192 1457 3275 jus-

505 3290 607 3357 titiam
630 3288 749 3368 colunt,
763 3303 795 3355 et
817 3290 966 3377 perjuriis
988 3291 1160 3372 abstinent,
1181 3305 1279 3358 tantae
1302 3292 1457 3357 libertatis

506 3407 537 3458 et
558 3394 645 3479 pacis
666 3391 786 3477 gaudio
803 3392 1025 3479 perfruuntur,
1041 3394 1128 3481 quod
1151 3394 1229 3460 nihil
1251 3407 1299 3461 est
1322 3395 1460 3475 omnino,

508 3494 593 3582 quod
611 3497 661 3558 vel
675 3493 707 3557 in
720 3493 851 3559 minimo
863 3496 1001 3581 quietem
1018 3519 1126 3561 eorum
1143 3498 1313 3565 concutiat.
1351 3500 1458 3575 Quum

508 3618 583 3658 vero
597 3596 810 3681 prolabuntur
824 3597 866 3662 ad
889 3599 1030 3677 fraudes,
1045 3612 1077 3665 et
1099 3622 1157 3686 per
1173 3600 1274 3665 varias
1295 3597 1460 3684 injustitiae

509 3696 645 3775 semitas,
659 3697 849 3764 scinduntur
871 3700 903 3764 in
925 3714 1021 3765 semet
1041 3700 1126 3786 ipsis,
1143 3702 1250 3764 statim
1270 3703 1321 3761 vel
1340 3699 1460 3761 fastum

510 3802 700 3881 Romanum,
711 3801 760 3865 vel
773 3802 912 3867 furorem
927 3801 1153 3876 Teutonicum,
1162 3799 1290 3863 aliudve
1299 3798 1461 3884 flagellum

511 3898 633 3966 inducit
650 3903 808 3967 Dominus
823 3925 919 3987 super
940 3924 1005 3977 eos,
1021 3913 1052 3964 et
1075 3913 1239 3987 permanet
1261 3921 1373 3963 manus
1394 3902 1465 3987 ejus

510 4018 650 4084 extenta,
678 4006 779 4072 donec
804 4004 864 4090 ipsi
894 4005 934 4068 ab
960 4001 1127 4088 iniquitate
1156 4028 1213 4092 per
1242 4004 1462 4090 poenitentiam

510 4118 718 4171 revertantur.
752 4105 829 4179 Quo
840 4108 906 4169 solo
917 4102 1056 4168 remedio
1066 4106 1152 4192 apud
1165 4106 1236 4170 illos
1249 4105 1352 4170 omnis
1364 4119 1464 4170 cessat

512 4220 691 4293 tempestas.
745 4204 928 4290 Adjiciebat
958 4205 1051 4271 etiam
1088 4209 1176 4295 quod
1208 4208 1322 4273 merita
1351 4207 1463 4294 populi

511 4329 634 4372 omnem
658 4317 812 4369 evacuant
834 4305 1062 4394 principatum,
1077 4321 1133 4374 aut
1157 4332 1227 4375 eum
1252 4308 1374 4372 faciunt
1397 4328 1467 4369 esse
