3384 5234
445 709 509 768 806
707 718 843 764 rolucus
860 717 1136 762 ssaasnaarnasrs
1271 697 1356 782 [nm.
1372 716 1404 760 v.

447 870 586 937 retineri.
633 869 712 947 Quis
732 883 780 934 est
803 869 886 933 enim
910 870 962 932 cui
981 870 1134 933 virtutem
1157 889 1221 932 non
1236 866 1407 932 excutiant

449 971 615 1038 curialium
631 973 750 1055 nugae?
785 971 866 1047 Quis
884 981 931 1033 est
952 981 1073 1043 tantus,
1090 966 1161 1053 quis
1183 979 1249 1031 tam
1270 965 1407 1042 solidus,

449 1086 488 1137 ut
510 1070 668 1156 corrumpi
694 1092 755 1133 non
784 1071 910 1157 possit?
949 1068 1101 1155 Optimus
1127 1081 1176 1133 est
1203 1071 1262 1154 qui
1286 1065 1407 1132 resistit

449 1174 583 1253 diutius,
598 1176 654 1260 qui
675 1171 824 1249 validius,
840 1171 896 1256 qui
920 1171 1139 1257 corrumpitur
1157 1171 1272 1234 minus.
1319 1169 1405 1231 Nam

451 1289 488 1341 ut
503 1276 543 1340 sit
559 1274 662 1339 virtus
680 1273 858 1355 incolumis,
872 1298 891 1337 a
906 1271 1075 1338 curialium
1094 1272 1162 1337 vita
1181 1270 1406 1335 divertendum

450 1391 508 1443 est.
542 1376 689 1457 Provide,
701 1376 847 1462 quisquis
862 1376 922 1440 hoc
933 1374 1063 1453 dixerit,
1075 1387 1107 1439 et
1119 1373 1292 1461 prudenter
1306 1375 1408 1437 curiae

451 1493 597 1545 naturam
620 1481 793 1564 expressit:

870 1600 949 1647 exeat
960 1593 1029 1659 aula,

698 1681 752 1744 Qui
763 1680 819 1733 vult
830 1697 887 1733 esse
898 1682 964 1752 pius.

342 1801 352 1819 *
453 1787 550 1852 Unde
573 1786 734 1872 eleganter
754 1784 829 1849 fons
850 1784 1013 1859 Salmacis,
1036 1783 1168 1847 infamia
1191 1782 1337 1848 molliciei
1359 1782 1406 1846 in·

453 1891 562 1976 signis,
585 1890 686 1954 eidem
711 1900 924 1974 comparatur.
970 1888 1018 1951 Ut
1041 1886 1125 1949 enim
1147 1886 1181 1949 in
1203 1885 1324 1951 fabulis
1345 1898 1406 1962 est,

452 1992 540 2055 unda
560 1988 647 2055 illius
669 2003 799 2075 aspectu
822 1990 936 2054 decora
958 2001 1018 2069 est,
1040 2007 1140 2074 gustu
1164 1986 1278 2067 dulcis,
1301 1988 1408 2051 suavis

453 2105 553 2165 tactu,
568 2105 599 2155 et
616 2091 756 2155 omnium
779 2114 928 2154 sensuum
950 2115 1009 2155 usu
1028 2090 1221 2177 gratissima,
1237 2088 1293 2153 sed
1315 2100 1408 2153 tanta

452 2191 587 2258 mollicie
602 2191 815 2275 ingredientes
835 2207 976 2269 enervat,
993 2205 1030 2256 ut
1052 2193 1129 2257 viris
1149 2190 1337 2256 effeminatis
1350 2214 1409 2255 no·

451 2293 595 2359 biliorem
609 2290 728 2355 adimat
738 2314 868 2367 sexum3
896 2314 953 2358 nec
966 2304 1040 2356 ante
1050 2294 1219 2379 quisquam
1232 2289 1410 2378 egreditur,

452 2418 549 2483 quam
567 2406 694 2481 stupeat
709 2406 741 2458 et
757 2393 863 2459 doleat
879 2419 911 2459 se
927 2407 1087 2460 mutatum
1104 2418 1173 2459 esse
1192 2399 1225 2460 in
1245 2394 1408 2459 feminam.

453 2501 524 2564 Aut
546 2497 630 2562 enim
650 2498 765 2561 cedens
784 2499 914 2562 omnino
936 2520 1032 2563 sexus
1052 2500 1084 2561 in
1105 2496 1291 2561 deteriorem
1311 2496 1409 2581 dege·

452 2612 554 2680 nerat,
568 2614 625 2664 aut
648 2599 762 2664 veteris
784 2600 950 2685 dignitatis
972 2599 1080 2685 aliquo
1099 2611 1246 2664 manente
1260 2599 1408 2683 vestigio,

452 2702 750 2789 hermaphroditum
780 2703 899 2782 induit,
930 2703 986 2788 qui
1016 2702 1156 2787 quodam
1192 2700 1409 2788 delinquentis

452 2818 577 2870 naturae
600 2803 752 2879 ludibrio,
780 2808 824 2869 sic
851 2806 1019 2890 utriusque
1045 2826 1139 2868 sexus
1164 2816 1303 2868 ostentat
1329 2803 1407 2868 ima-

453 2907 569 2992 ginem,
594 2922 632 2972 ut
653 2908 800 2972 neutrius
822 2909 956 2972 retineat
979 2911 1156 2972 veritatem.
1202 2909 1275 2971 Hac
1300 2921 1407 2973 autem

453 3009 570 3095 poetici
591 3009 676 3073 nube
698 3009 842 3095 figmenti
865 3030 1022 3094 nugarum
1046 3008 1214 3074 curialium
1237 3032 1409 3095 repraesen-

454 3123 543 3175 tatur
557 3111 675 3196 imago,
690 3135 765 3197 quae
782 3112 866 3175 viros
880 3112 1004 3197 abjecta
1019 3112 1140 3176 virtute
1157 3111 1334 3186 emolliunt,
1350 3128 1408 3177 aut

454 3216 584 3278 virtutis
606 3213 743 3299 imagine
765 3226 889 3279 retenta
910 3225 1108 3300 pervertunt.
1153 3214 1218 3290 Qui
1238 3214 1409 3279 curialium

454 3314 590 3402 ineptias
612 3315 728 3398 induit,
749 3331 781 3382 et
804 3315 996 3403 philosophi,
1018 3317 1067 3380 vel
1089 3317 1164 3381 boni
1187 3319 1246 3382 viri
1267 3316 1409 3381 officium

455 3418 633 3503 pollicetur,
661 3420 956 3507 Hermaphroditus
982 3434 1040 3497 est,
1067 3421 1123 3505 qui
1149 3420 1231 3484 duro
1255 3418 1348 3485 vultu
1376 3433 1409 3484 et

454 3520 583 3606 hispido
608 3521 793 3587 muliebrem
823 3522 975 3608 deturpat
1005 3534 1214 3599 venustatem,
1240 3538 1273 3587 et
1302 3523 1409 3586 virum

455 3623 667 3686 muliebribus
682 3624 810 3708 polluit,
826 3639 858 3688 et
882 3623 1023 3687 incestat.
1069 3626 1133 3688 Res
1148 3623 1304 3708 siquidem
1321 3645 1410 3687 mon-

455 3732 579 3783 struosa
599 3735 657 3800 est,
674 3724 889 3809 Philosophus
909 3723 1057 3787 curialis:
1085 3736 1117 3786 et
1138 3724 1214 3785 dum
1233 3734 1410 3807 utrumque

454 3842 520 3883 esse
536 3820 673 3894 affectat,
686 3835 836 3884 nentrum
849 3837 910 3898 est,
922 3823 1059 3905 eoquod
1071 3822 1159 3885 curia
1175 3822 1407 3907 philosophiam

453 3921 608 3998 excludit,
620 3934 650 3985 et
663 3921 798 4005 ineptias
810 3921 943 3985 curiales
953 3920 1163 4009 philosophus
1174 3945 1410 4011 usquequaque

454 4047 516 4088 non
527 4023 647 4110 recipit.
686 4028 760 4089 Non
773 4034 878 4089 tamen
891 4024 931 4088 ad
944 4046 1068 4088 omnem
1080 4026 1200 4090 curiam
1211 4032 1409 4113 comparatio

455 4126 576 4205 transit,
600 4127 655 4193 sed
677 4127 719 4192 ad
740 4126 828 4192 illam
851 4127 1020 4206 duntaxat,
1044 4153 1117 4215 quaa
1136 4123 1317 4217 ‘insipientis
1344 4131 1410 4196 dis·

456 4244 652 4318 temperatur
678 4230 820 4298 arbitrio.
867 4231 931 4310 Qui
957 4231 1040 4297 enim
1069 4233 1194 4319 sapiens
1220 4248 1280 4312 est,
1305 4257 1409 4318 nugas

451 4333 564 4420 abigit,
589 4336 749 4422 componit
775 4336 918 4417 domum,
941 4349 971 4400 et
1000 4337 1146 4403 universa
1168 4338 1255 4404 illius
1278 4338 1408 4422 subjicit
