3384 5234
365 694 428 753 996
624 703 758 749 Jonnnrs
774 698 1053 746 sannsnnnrnnsrs
1183 678 1269 754 [cru.
1285 694 1318 738 v.

370 968 448 1051 Cap.
464 970 495 1027 9.
520 968 572 1030 De
586 968 636 1029 bis
647 968 703 1047 qui
718 967 753 1026 in
769 963 929 1045 republica
941 962 1083 1025 obtinent
1093 964 1195 1024 locum
1208 961 1324 1033 cordis,

410 1076 441 1132 et
455 1069 540 1150 quod
553 1068 660 1148 iniqui
680 1066 812 1128 arcendi
831 1070 911 1127 sunt
926 1085 945 1124 u
961 1064 1102 1125 consiliis
1112 1069 1323 1144 potestatum,

411 1178 441 1234 et
456 1172 494 1233 de
509 1171 619 1232 timore
632 1169 708 1243 Dei,
724 1173 755 1230 et
768 1168 942 1248 snpientia,
957 1171 988 1228 et
1003 1166 1217 1246 Philosophia.

414 1329 545 1393 Connrs
560 1326 676 1404 locum,
693 1336 821 1388 auctore
839 1321 1022 1403 Plutarcho,
1036 1323 1172 1387 Senatus
1186 1324 1322 1391 obtinet.

372 1430 509 1495 Senatus
530 1450 614 1505 vero,
634 1428 716 1492 sicut
738 1426 910 1512 majoribus
935 1424 1065 1509 placuit,
1086 1425 1179 1488 officii
1203 1448 1322 1491 nomen

369 1529 822 1613 est,ethabetaetatisnotam.
864 1526 1030 1613 Siquidem
1042 1542 1169 1592 senatus
1179 1528 1325 1595 dicituro

371 1647 544 1700 senectute.
591 1632 674 1695 Eum
692 1653 766 1695 vero
782 1630 996 1694 Athenienses
1012 1631 1217 1715 Areopagum
1235 1632 1325 1697 dice-

373 1738 461 1814 bant,
477 1735 615 1823 eoquod
639 1735 671 1798 in
691 1734 753 1798 illie
773 1733 869 1797 totius
889 1732 997 1818 populi
1014 1732 1111 1797 virtus
1126 1734 1324 1811 consisteret,

372 1852 405 1905 et
420 1862 520 1927 quum
543 1838 583 1902 eb
609 1837 655 1901 eis
677 1835 830 1923 proeclara
851 1834 989 1920 plurima
1010 1834 1140 1900 inventa
1154 1836 1226 1914 sint,
1244 1838 1327 1902 nihil

372 1942 538 2016 salubrius,
549 1941 628 2004 nihil
639 1939 804 2024 gloriosius
814 1938 994 2003 institutum
1007 1949 1056 2002 est
1067 1960 1163 2025 quam
1177 1942 1331 2007 Senatus.-

374 2043 462 2117 Quid
484 2042 571 2105 enim
597 2040 734 2105 nobilius
755 2051 804 2103 est
827 2050 912 2103 coetu
935 2062 1059 2121 senum,
1081 2040 1136 2127 qui
1158 2042 1284 2106 emeriti
1306 2067 1328 2108 a

372 2143 554 2227 vulgaribus
583 2141 701 2218 officiis,
726 2141 767 2205 ad
793 2141 915 2205 consilii
938 2154 971 2206 et
995 2142 1157 2227 regiminis
1185 2143 1325 2209 officium

374 2256 550 2322 transeunt,
581 2256 614 2308 et
642 2244 674 2305 in
705 2243 846 2308 marcido
881 2266 1012 2329 corpore
1045 2259 1180 2310 exerunt
1207 2248 1328 2313 mentis

374 2345 479 2413 vires?
506 2346 555 2410 Eo
570 2345 734 2432 sapientiae
750 2346 852 2430 magis
866 2347 931 2431 apti
947 2348 1093 2430 negotiis,
1109 2370 1173 2435 quo
1187 2349 1219 2412 in
1235 2371 1329 2414 exer·

372 2450 454 2516 citiis
469 2450 606 2535 corporis
629 2449 734 2514 minus
756 2463 895 2535 possunt.
943 2449 1063 2513 Eorum
1086 2451 1196 2537 utique
1220 2464 1328 2517 tantus

374 2556 476 2619 honor
489 2552 594 2617 extitit
608 2552 692 2636 apud
710 2553 851 2628 Graecos,
868 2564 904 2615 ut
921 2551 1019 2615 duces
1035 2552 1235 2637 Reipublicae
1251 2577 1328 2620 nus-

374 2677 471 2744 quam
502 2654 720 2740 procederent,
751 2654 830 2717 nihil
861 2655 1024 2738 egregium
1054 2666 1213 2739 ageretur,
1238 2659 1326 2744 quod

374 2784 465 2826 senes
491 2758 627 2825 instituti
651 2782 713 2823 non
740 2759 938 2834 inducerent,
965 2771 1022 2822 eut
1044 2761 1267 2845 approbarent,
1293 2775 1329 2828 et

374 2862 461 2949 quod
476 2862 575 2946 magis
590 2870 638 2925 est
652 2860 692 2924 ab
704 2860 794 2924 initio
810 2860 897 2925 urbis
911 2860 1059 2943 conditoe,
1071 2862 1200 2928 nomina
1214 2886 1326 2929 eorum

374 2964 478 3030 aureis
492 2963 591 3028 literis
613 2963 729 3048 scripta
751 2976 833 3029 sunt.
880 2962 1009 3049 Ipsique
1031 2974 1137 3048 patres
1156 2966 1327 3052 conscripti

375 3066 537 3154 appellati,
553 3066 608 3152 qui
623 3065 700 3131 alios
715 3066 880 3151 sapientia,
895 3077 1001 3147 aetate‚
1016 3077 1050 3130 et
1064 3067 1179 3132 affectu
1194 3078 1330 3153 paterno

376 3169 610 3256 praecedebant.
643 3168 747 3232 Penes
759 3168 833 3232 istos
845 3167 1046 3232 consiliorum
1063 3182 1132 3234 erat
1146 3172 1328 3250 auctoritas,

377 3283 410 3336 et
424 3271 567 3336 omniurn
590 3269 717 3356 publice
738 3269 959 3355 gerendorum.
1007 3271 1168 3337 Caeternm
1189 3274 1266 3340 licet
1285 3276 1328 3340 eb

376 3385 471 3439 oetate
491 3372 628 3437 nominis
642 3372 788 3437 videatur
809 3393 877 3435 esse
897 3372 995 3457 origo,
1012 3374 1094 3440 hanc
1113 3399 1174 3462 ego
1194 3377 1330 3443 arbitror

376 3492 442 3542 tarn
457 3476 595 3562 corporis
606 3498 673 3541 esse
689 3497 785 3562 quam
800 3473 927 3539 mentis.
957 3474 1051 3541 AEtes
1062 3500 1201 3566 namque
1213 3479 1331 3545 mentis

377 3580 532 3664 sapientia
561 3588 618 3657 est,
648 3578 681 3642 in
711 3600 775 3664 qua
809 3576 953 3642 omnium
983 3578 1156 3645 officiorum
1186 3581 1332 3647 consistit

377 3680 567 3757 distributio,
591 3693 624 3744 et
649 3680 818 3744 artificium
844 3679 942 3744 totius
966 3681 1051 3747 vitae.
1099 3659 1174 3746 Ars·
1188 3704 1327 3767 namque

378 3796 464 3846 recte
480 3780 606 3844 vivendi
623 3786 670 3862 (ut
688 3781 802 3846 Stoicis
817 3782 932 3868 placet)
948 3806 998 3847 ars
1012 3784 1127 3847 artium
1143 3794 1199 3847 est.
1246 3783 1330 3848 Nul-

378 3883 442 3946 lam
467 3902 541 3945 vero
570 3902 637 3943 esse
667 3892 768 3946 artem
793 3885 1004 3949 maximarum
1029 3907 1145 3960 rerum,
1171 3906 1270 3969 quum
1294 3886 1327 3949 in

378 3983 517 4049 minimis
533 4004 660 4069 quoque
676 3995 776 4048 artem
798 4009 866 4051 esse
886 3988 992 4052 nullus
1009 3987 1142 4070 ignoret,
1158 3986 1265 4072 opinio
1280 4000 1329 4053 est

377 4089 541 4154 hominurn
563 4107 674 4171 parurn
696 4088 891 4154 considerate
912 4090 1122 4176 loquentium,
1138 4102 1171 4154 et
1190 4090 1224 4153 in
1240 4113 1329 4155 max·

377 4191 450 4255 imis
468 4189 563 4254 rebus
585 4188 770 4269 errantium,
786 4191 894 4255 omnia
915 4191 1015 4277 magis
1038 4215 1094 4277 pro
1117 4192 1208 4257 libito
1231 4205 1332 4259 statu·

377 4292 509 4374 entium,
531 4314 626 4379 quam
652 4315 708 4380 pro
728 4293 869 4359 veritate.
919 4296 1114 4378 Ruentem,
1135 4310 1171 4362 ut
1193 4297 1331 4384 antiquis
