3384 5234
465 841 527 897 254
728 852 864 896 Joauurs
881 851 1161 895 sannsannruusrs
1275 832 1355 909 [nin.
1373 848 1417 891 iv,

461 1003 610 1068 muliebri
640 1001 826 1067 infirmitate
857 1000 965 1086 legens
997 1002 1141 1086 vestigia.
1188 998 1416 1084 Compatriotis

459 1104 607 1169 omnibus
622 1104 735 1168 ducem
763 1101 863 1180 dedit,
878 1101 982 1165 virum
1007 1102 1112 1176 armis,
1129 1113 1160 1164 et
1187 1100 1306 1185 pietate
1332 1120 1414 1183 prae-

459 1207 591 1291 signem.
637 1204 728 1270 Alias
751 1203 833 1267 enim
860 1202 928 1267 dux
958 1200 1194 1282 esset'inutilis,
1215 1223 1316 1287 quum
1348 1200 1414 1263 sine

457 1308 579 1371 viribus
605 1330 702 1393 regna
727 1304 850 1391 acquiri
874 1327 935 1368 non
963 1305 1099 1380 valeant,
1119 1315 1176 1368 aut
1199 1303 1266 1366 sine
1284 1302 1413 1387 justitia

457 1408 594 1474 retineri.
640 1412 736 1473 Nunc
759 1429 834 1469 vero
860 1407 1001 1469 omnium
1029 1406 1123 1470 unica
1147 1404 1329 1469 sollicitudo
1351 1418 1412 1469 est,

456 1510 583 1588 liberos,
595 1513 831 1596 qualescunque
844 1507 918 1586 sint,
929 1505 1090 1573 divitiiset
1105 1507 1280 1574 honoribus
1292 1508 1410 1592 potius,

429 1636 554 1699 ·quam
577 1612 752 1677 virtutibus
766 1611 927 1695 insignire.
973 1611 1160 1696 Negligitur
1182 1610 1296 1674 etenim
1321 1610 1409 1695 quod

456 1738 537 1780 onus
556 1712 741 1798 reipublicae
761 1714 952 1798 imponatur.
999 1712 1147 1799 Expulso
1167 1712 1313 1798 Superbo
1331 1715 1409 1776 Tar-

385 1902 388 1907 ,
455 1815 577 1902 quinio,
590 1815 646 1901 qui
662 1813 805 1898 regnavit
818 1813 849 1877 in
867 1815 945 1878 urbe
957 1814 1157 1890 novissimus,
1169 1836 1267 1899 quum
1284 1818 1408 1878 Brutus

454 1915 576 2003 primus
599 1914 720 1982 Consul
738 1914 854 1979 liberos
876 1938 949 1979 suos
971 1915 1012 1978 de
1033 1914 1218 1979 revocandis
1239 1913 1271 1976 in
1296 1915 1405 1978 urbem

453 2018 581 2102 regibus
601 2039 694 2102 agere
714 2015 923 2101 cognovisset,
938 2039 991 2081 eos
1012 2016 1170 2102 protraxit
1187 2015 1219 2078 in
1242 2015 1359 2091 forum,
1375 2023 1408 2077 et

452 2118 484 2181 in
500 2117 606 2181 media
620 2118 768 2181 concione
783 2116 882 2201 virgis
901 2140 1009 2197 caesos,
1023 2117 1151 2181 tandem
1167 2120 1268 2181 securi
1283 2118 1406 2202 percuti

448 2220 557 2306 jussit,
574 2232 610 2282 ut
630 2220 724 2305 plane
746 2218 893 2304 publicus
916 2241 1038 2304 parens,
1053 2219 1085 2282 in
1109 2218 1212 2284 locum
1236 2218 1407 2283 liberorum

450 2320 614 2384 videretur
643 2317 799 2405 populum
834 2319 1011 2405 adoptasse.
1065 2322 1139 2405 Ego
1174 2320 1315 2406 quidem,
1345 2319 1402 2384 etsi

450 2419 656 2505 parricidium
675 2420 923 2507 perhorrescam,
940 2421 1088 2487 Consulis
1110 2445 1172 2486 non
1188 2445 1317 2508 possum
1339 2444 1401 2485 non

449 2523 627 2609 approbare
642 2523 749 2599 fidem,
766 2527 824 2609 qui
844 2524 957 2589 maluit
978 2525 1112 2590 salutem
1133 2525 1307 2591 liberorum
1330 2548 1403 2588 suo-

448 2647 521 2690 rum
536 2623 722 2711 periclitari,
736 2649 832 2712 quam
849 2627 968 2713 populi.
1008 2626 1108 2693 Recte
1122 2650 1162 2691 ne
1176 2627 1298 2704 fecerit,
1310 2627 1400 2714 judi-

446 2740 518 2792 cent
535 2728 701 2815 sapientes.
740 2730 814 2815 Ego
837 2730 920 2794 enim
940 2753 1088 2817 campum
1104 2729 1199 2794 istum
1221 2730 1402 2794 oratoribus

446 2829 510 2895 late
525 2844 633 2918 patere
654 2833 800 2917 cognovi,
817 2846 849 2895 et
865 2833 896 2895 in
919 2857 957 2896 eo
971 2832 1198 2899 declamatores
1218 2833 1251 2897 in
1267 2832 1401 2919 ancipiti

446 2935 578 2998 materia
597 2935 713 3021 saepius
736 2934 916 3015 desudasse,
933 2935 1009 2999 dum
1033 2935 1064 2998 in
1081 2936 1278 3001 absolutione
1298 2936 1398 3021 parri-

445 3035 517 3100 cidii
545 3035 624 3101 fides
646 3036 780 3118 laborat,
802 3050 834 3100 et
857 3036 1055 3124 parricidalis
1078 3038 1226 3123 impietas
1251 3038 1399 3101 meritum

443 3137 518 3202 fidei
533 3150 666 3204 conatur
685 3140 883 3224 extinguere.
921 3139 1017 3213 Quod
1039 3139 1064 3203 si
1084 3162 1134 3203 me
1149 3140 1188 3203 ad
1213 3140 1398 3205 sententiam

442 3263 549 3325 urges,
579 3242 756 3328 respondeo
785 3243 874 3327 quod
901 3243 933 3305 in
963 3266 1058 3307 causa
1088 3244 1270 3330 Smyrnensi
1298 3247 1400 3307 Areo-

441 3344 567 3430 pagitas
583 3347 642 3413 Cn.
656 3345 833 3409 Dolabellae
848 3347 975 3409 invenio
987 3350 1194 3432 respondisse.
1229 3345 1280 3410 Ad
1292 3368 1400 3431 quem,

438 3447 632 3531 provinciam
657 3448 767 3513 Asiam
791 3449 1010 3534 proconsulari
1032 3449 1167 3536 imperio
1189 3450 1397 3527 obtinentem,

438 3549 551 3613 mulier
569 3550 767 3635 Smyrnensis
782 3550 923 3614 adducta
939 3563 998 3629 est,
1014 3551 1168 3616 confitens
1184 3574 1217 3614 se
1233 3549 1396 3625 maritum,

437 3661 469 3714 et
491 3650 604 3732 filiurn,
619 3652 702 3716 datis
725 3651 806 3715 clam
831 3652 969 3727 venenis,
992 3653 1155 3730 occidisse,
1178 3677 1216 3717 eo
1239 3651 1327 3738 quod
1349 3650 1395 3713 illi

437 3749 537 3814 filium
553 3753 624 3837 ejus
639 3776 679 3816 ex
690 3753 790 3819 altero
802 3755 1005 3820 matrimonio
1019 3755 1190 3841 optimum,
1203 3774 1235 3818 et
1247 3754 1394 3817 iunocen-

436 3851 593 3915 tissimum
604 3855 755 3938 juvenem
772 3870 943 3942 exceptum
959 3854 1082 3919 insidiis
1102 3856 1248 3940 nequiter
1261 3852 1392 3915 occidis-

435 3967 516 4033 sent,
531 3953 590 4017 sibi
608 3956 732 4019 licitum
754 3981 820 4021 esse
836 3979 975 4021 asserens
994 3979 1033 4019 ex
1049 3955 1250 4040 indulgentia
1272 3954 1391 4037 legum,
1486 3972 1491 3990 ··

435 4065 468 4115 et
478 4053 534 4138 jus
549 4053 706 4139 ignorare,
722 4070 754 4121 et
771 4080 872 4134 suam,
887 4070 919 4120 et
942 4076 1084 4132 suorum,
1100 4067 1132 4118 et
1150 4053 1246 4119 totius
1261 4055 1390 4139 reipub·

435 4153 504 4221 licae
520 4179 596 4235 suae,
614 4169 678 4221 tam
694 4172 833 4225 atrocem
849 4157 997 4245 injuriam
1016 4158 1185 4222 vindicare.
1223 4158 1286 4220 Jus
1301 4170 1393 4219 extra

436 4280 562 4324 causam
579 4273 658 4338 erat,
674 4285 775 4345 quum
787 4262 827 4325 de
839 4262 924 4326 iacto
938 4273 1106 4339 constaret,
1117 4274 1148 4325 et
1164 4260 1289 4347 dejure
1305 4281 1392 4345 quae-

432 4373 564 4425 reretur.
603 4363 711 4439 Quum
727 4385 804 4447 ergo
827 4360 996 4427 Dolabella
1010 4385 1075 4426 rem
1097 4363 1130 4426 in
1146 4361 1312 4427 concilium
1337 4360 1392 4425 de-

430 4460 585 4544 duxisset,
599 4487 660 4528 non
678 4464 736 4529 suit
753 4464 819 4549 qui,
835 4464 868 4528 in
884 4478 1030 4530 causant
1054 4467 1232 4552 putabatur
1248 4464 1391 4551 ancipiti,
