3384 5234
398 687 438 746 56
658 694 792 740 anxurus
808 691 1089 739 snarsnemunsrs
1229 677 1313 751 [cra.
1330 692 1353 735 r.

399 869 540 936 quoque,
572 868 647 932 quae
676 845 780 930 capite
811 845 1011 931 discooperto
1040 843 1169 920 incedit,
1196 842 1351 907 infelicem

399 946 509 1011 crede:
533 946 606 1024 nisi,
622 958 658 1009 ut
675 945 762 1030 apud
780 944 921 1007 Plinium
939 945 1066 1029 legitur,
1082 942 1211 1030 publica
1226 946 1280 1019 sit,
1295 956 1352 1007 aut

399 1171 575 1226 occurrere,
603 1169 678 1233 quae
704 1158 810 1210 amoto
833 1149 914 1225 ve10,
936 1159 1033 1232 caput
1060 1169 1152 1210 suum
1179 1145 1352 1230 deturpare

401 1273 464 1313 non
493 1249 661 1315 erubescit.
711 1233 845 1311 Αῢᾝὶε
876 1269 950 1332 quae
979 1248 1083 1332 primo
1112 1247 1244 1311 audiens
1272 1249 1355 1309 inter

401 1352 503 1435 operis
518 1352 674 1439 cujusque
691 1348 841 1435 auspicia,
857 1347 934 1434 quid
952 1360 1105 1433 sequatur
1120 1368 1306 1433 praenosces.

474 1469 545 1522 Hinc
557 1470 631 1523 Deus
643 1468 794 1522 incumbens
804 1465 898 1519 baculo
909 1483 986 1535 quem
998 1466 1093 1519 dextra
1104 1466 1223 1533 gerebat,

509 1558 607 1609 Omina
617 1555 759 1628 principiis,
772 1554 849 1618 dixit,
861 1553 947 1604 inesse
959 1552 1052 1605 solent.

472 1642 587 1695 Auditae
599 1658 674 1694 voces
686 1640 778 1692 timida
789 1638 971 1710 perpendimus
983 1655 1057 1701 aure,

508 1729 544 1780 Et
555 1729 665 1798 primam
676 1727 758 1778 visam
770 1723 880 1777 consulit
893 1741 975 1791 augur
987 1742 1070 1777 avem.

402 1829 453 1893 Ea
479 1830 635 1914 siquidem
662 1829 845 1894 futurorum
878 1826 1066 1913 praenostica
1092 1839 1177 1891 sunt.
1222 1827 1355 1892 Petilius

403 1932 513 1995 consul
537 1933 701 1995 Romanus
726 1950 916 2015 oppugnans
941 1941 1080 1992 castrum
1103 1928 1135 1991 in
1163 1928 1281 2008 Sicilia,
1302 1931 1356 1992 cui

401 2052 516 2095 nomen
543 2033 663 2095 Letum
687 2044 766 2108 erat,
789 2054 891 2116 quum
915 2030 1030 2094 milites
1052 2032 1292 2115 accingerentur
1314 2030 1355 2093 ad

302 2209 304 2215 Ι
400 2155 552 2219 pugnarn,
576 2134 632 2209 ait,
656 2135 730 2218 Ego
756 2133 851 2197 hodie
878 2133 995 2197 Letum
1018 2135 1150 2218 capiam.
1203 2133 1353 2217 Casuque

403 2238 446 2299 sic
460 2233 586 2316 accidit,
601 2259 702 2321 quum
725 2237 793 2322 ipse
816 2235 925 2299 eadem
949 2234 1000 2299 die
1022 2234 1118 2299 fuerit
1134 2234 1354 2319 interemptus.

404 2337 495 2401 Alius
511 2360 641 2423 quoque
663 2338 773 2401 consul
796 2360 897 2424 quum
920 2360 939 2401 a
961 2350 1072 2400 senatu
1087 2336 1299 2401 destinaretur
1312 2335 1355 2399 ad

402 2439 652 2524 expugnandum
668 2463 772 2526 regem
796 2443 975 2513 Persarum,
992 2438 1091 2502 afilia
1112 2461 1207 2525 quarn
1224 2438 1255 2501 in
1271 2437 1354 2501 ostio

402 2540 517 2605 domus
546 2541 672 2606 flentem
703 2542 831 2607 obviam
862 2541 987 2622 habuit,
1017 2562 1142 2605 causam
1183 2540 1352 2627 quaesivit3

404 2666 569 2730 quumque
583 2645 640 2709 illa
654 2644 872 2731 responderet,
888 2647 1016 2708 Persam
1040 2644 1179 2728 periisse,
1197 2643 1255 2723 (sic
1270 2642 1354 2705 enim

402 2744 525 2812 catulus
552 2747 609 2832 qui
634 2747 717 2810 forte
747 2746 895 2832 perierat,
922 2746 1098 2827 dicebatur)
1129 2744 1291 2831 profectus
1321 2743 1353 2807 in

401 2847 637 2934 expeditionem
659 2847 861 2935 triumphum
885 2869 946 2911 non
968 2847 1101 2927 invenit,
1122 2870 1160 2910 eo
1187 2846 1273 2930 quod
1296 2869 1352 2910 rex

401 2950 572 3012 Persarum
601 2948 750 3035 perierat,
780 2948 911 3035 quando
940 2947 1006 3012 filia
1043 2948 1182 3013 consulis
1210 2948 1354 3014 catulum

403 3049 499 3115 flebat
515 3051 676 3117 amissum.
721 3051 771 3115 Ab
794 3050 870 3136 ipsis
892 3050 987 3115 etiarn
1010 3049 1184 3126 elementis,
1199 3065 1254 3117 aut
1277 3063 1355 3116 tem-

403 3153 489 3237 poris
508 3153 671 3237 qualitate,
687 3175 791 3217 rerum
808 3152 992 3240 frequenter
1011 3152 1184 3218 trabuntur
1205 3154 1356 3240 auspicia.

402 3254 556 3319 Fortunae
578 3254 741 3334 duritiam,
755 3254 859 3338 gratia
880 3256 970 3333 roris,
989 3266 1046 3320 aut
1069 3256 1232 3319 modestus
1253 3255 1355 3320 imber

403 3354 533 3419 emollit.
577 3356 751 3419 Roscidum
775 3355 907 3441 quippe,
930 3374 962 3421 et
989 3356 1190 3442 suppluviale
1216 3370 1354 3443 tempus,

404 3478 521 3541 aerque
557 3455 665 3531 sudus,
694 3455 772 3518 dum
801 3457 906 3537 operis
942 3459 1099 3544 cujusque
1135 3459 1355 3525 incunctanter

405 3568 510 3619 ortum
534 3556 748 3641 prosequitur,
770 3556 912 3621 creditur
934 3561 1076 3644 ejusdem
1099 3559 1262 3626 fortunare
1284 3585 1358 3648 pro·

407 3679 538 3722 cessum.
583 3660 691 3731 Quum
707 3658 837 3723 fortuna
857 3683 930 3744 quae
954 3661 1112 3747 Phrygios
1126 3661 1234 3727 exules
1248 3662 1358 3727 liventi

404 3756 496 3821 oculo
519 3757 575 3821 diu
598 3758 837 3843 perstrinxerat,
855 3762 981 3826 tandem
1005 3763 1184 3849 benignius
1201 3763 1292 3849 quasi
1314 3763 1356 3827 de

404 3864 532 3945 specula
547 3860 670 3945 gratiae,
687 3863 891 3948 respexisset,

510 3978 564 4031 Olli
577 3978 702 4032 caeruleus
714 3998 790 4051 supra
802 3988 879 4052 caput
891 3982 993 4035 adstitit
1004 3984 1097 4036 imber.

405 4077 512 4139 Venus
528 4075 682 4158 naufrago
697 4074 773 4152 filiu,
789 4077 874 4162 apud
898 4078 1058 4143 Didonem
1081 4080 1254 4166 hospitium
1274 4102 1356 4165 prae·

402 4200 527 4264 param,
550 4176 685 4241 eundem
709 4176 774 4240 fido
796 4178 915 4243 Achate
939 4181 1136 4259 comitatum,
1152 4180 1228 4244 dum
1253 4182 1283 4244 in
1308 4206 1356 4245 re-

403 4281 485 4362 ginae
500 4278 634 4362 gratiam
651 4277 878 4361 introduceret,
893 4304 970 4345 cava
986 4283 1071 4347 nube
1086 4281 1218 4347 obtexit.
1260 4286 1357 4350 Toni-
