3384 5234
414 666 479 725 188'
671 676 1101 724 Jonnu1sssausnaa1rrrsrs
1216 662 1298 742 [arn.
1314 679 1366 724 111.

412 831 528 895 denam
543 851 617 893 cum
633 851 653 893 o
669 830 745 913 equi
762 829 900 913 desuper
914 828 1029 903 adstat,
1045 839 1080 893 ut
1099 832 1244 895 homines
1259 838 1365 893 actus-

413 952 475 1014 que
485 929 1239 1014 eorum,etvoluntatesindesinenterprospiciat.
1255 932 1364 1003 Quum

413 1030 499 1094 enim
522 1052 633 1104 omnes
654 1040 826 1095 exerceant
846 1029 1045 1104 histrionem,
1067 1030 1206 1114 aliquem
1232 1051 1365 1094 necesse

414 1140 555 1196 estesse
578 1141 802 1214 spectatorem.
847 1130 919 1192 Nec
941 1141 1090 1212 queratur
1111 1131 1239 1213 aliquis,
1262 1142 1368 1193 motus

415 1252 489 1295 suos
509 1233 550 1295 ab
573 1231 682 1316 aliquo
704 1252 769 1293 non
787 1229 899 1306 videri,
917 1250 1016 1313 quum
1043 1230 1077 1293 iu
1103 1239 1278 1314 conspectu
1304 1232 1370 1293 Dei

415 1340 500 1413 agat,
521 1333 773 1415 angelorumque
795 1329 875 1414 ejus,
900 1351 1141 1414 paucorumque
1167 1331 1369 1413 sapientium,

417 1432 473 1516 qui
493 1443 526 1495 et
544 1432 607 1515 ipsi
627 1432 776 1495 ludorum
797 1432 929 1494 istorum
951 1430 1151 1494 Circensium
1174 1441 1369 1513 spectatores

417 1542 499 1596 sunt.
544 1534 726 1597 Erubescat
743 1533 863 1616 potins,
882 1532 908 1594 si
929 1531 1001 1615 quis
1023 1532 1055 1593 in
1080 1542 1168 1595 tanta
1185 1534 1258 1595 luce
1278 1530 1368 1595 inde·

417 1643 525 1698 center
549 1644 723 1712 moveatur,
747 1643 780 1697 ct
805 1654 838 1696 se
863 1643 964 1695 totum
986 1632 1214 1696 exercitatione
1240 1632 1369 1695 mimica

420 1733 617 1797 devenustet.

420 2044 499 2126 Cap.
519 2046 568 2103 10.
594 2041 689 2107 Quod
711 2039 774 2101 sibi
792 2059 940 2120 persone
966 2049 1174 2120 coaptantur,
1199 2051 1230 2106 et
1256 2045 1395 2123 dapne-¹

462 2144 597 2203 cientur
616 2139 814 2201 dissociato:
840 2146 872 2199 et
894 2138 934 2200 de
957 2138 1142 2221 Cleopatra,
1163 2143 1319 2222 Arpano,
1339 2154 1371 2207 ct

464 2243 634 2321 Scipione:
655 2247 687 2301 et
710 2238 795 2322 qnod
816 2238 958 2300 Romani
978 2242 1122 2303 vanitati
1143 2243 1248 2305 dediti
1270 2254 1346 2307 snat
1357 2271 1369 2314 ‚·

464 2350 496 2405 et
511 2343 584 2425 quis
597 2343 640 2403 sit
654 2339 953 2419 adolatorieflnis.

466 2515 645 2579 CAETERUM
666 2513 700 2576 in
725 2512 787 2575 hoc
812 2512 947 2576 fortuuae
968 2514 1119 2593 ludibrio,
1141 2537 1287 2599 personae
1311 2519 1373 2582 sibi

421 2618 561 2682 invicem
583 2624 781 2699 coaptantur,
797 2622 831 2677 et
845 2614 873 2677 si
888 2615 1075 2680 altrinsecus
1091 2617 1259 2696 divertant,
1274 2620 1372 2682 totius

423 2730 514 2784 actus
539 2718 639 2780 iacies
664 2716 857 2793 immutatur,
876 2727 911 2778 ut
933 2717 961 2778 si
983 2717 1168 2800 Glycerium
1189 2720 1295 2794 tollas,
1317 2731 1374 2783 aut

422 2818 636 2903 Pamphilum.
682 2816 815 2879 Sublato
834 2816 921 2878 enim
936 2818 1097 2896 altemtro,
1111 2840 1227 2882 nomen
1245 2821 1373 2883 alterius

423 2921 516 3005 perit,
532 2928 564 2983 et
578 2920 605 2981 si
621 2939 695 2982 cum
710 2917 891 2980 amantibus
910 2918 1123 3000 suspiciosum
1144 2922 1238 2983 tollas
1253 2942 1374 2996 senem,

423 3022 532 3085 nullus
547 3028 605 3098 est,
616 3027 671 3082 aut
683 3017 808 3080 inutilis
823 3016 953 3080 omnino
965 3018 1086 3082 Davus.
1116 3022 1206 3084 Hinc
1222 3034 1269 3085 est
1283 3023 1375 3097 illud,

879 3148 966 3201 Fortis
977 3150 1004 3201 in
1016 3151 1095 3203 armis

531 3234 659 3288 Coesareis
672 3234 805 3287 Labienus
816 3238 881 3297 erat,
893 3252 971 3299 nune,
982 3235 1118 3303 bansfirga
1129 3237 1197 3303 vilis,

532 3320 600 3373 Cum
612 3321 678 3372 duce
689 3322 798 3391 privato,
810 3327 893 3373 terras
904 3326 983 3389 atque
994 3337 1097 3389 aeqnora
1108 3321 1209 3375 lustrat.

427 3444 463 3508 si
485 3442 570 3505 enirn
592 3461 754 3524 personas,
774 3461 845 3522 quea
866 3440 928 3502 sibi
947 3451 1163 3517 assueverunt,
1183 3443 1307 3528 sibique
1328 3446 1374 3509 fa·

427 3544 528 3618 ciunt,
548 3541 710 3604 decretum
734 3541 867 3603 fortunae
890 3540 1052 3621 dissociet,
1076 3532 1114 3607 lit
1133 3546 1321 3631 plerumque
1341 3557 1377 3610 ut

427 3652 560 3723 utraque
572 3639 612 3702 ad
624 3641 731 3703 omnia
746 3640 871 3722 agenda
885 3662 943 3704 sua
953 3642 1096 3708 videatur
1110 3646 1229 3728 inepta,
1239 3658 1272 3711 et
1285 3648 1378 3729 quasi

428 3741 562 3806 exclusa
576 3740 697 3802 ratione
713 3741 809 3803 officii
825 3740 1035 3822 depreciatur.
1073 3746 1188 3809 Fracta
1203 3758 1277 3810 sunt
1289 3749 1378 3810 leno-

429 3841 514 3909 cinia
540 3840 732 3922 Cleopatrae‚
758 3862 799 3903 ex
826 3863 891 3925 quo
920 3864 980 3905 nec
1009 3846 1131 3909 Julium
1157 3848 1289 3925 invonit,
1316 3871 1375 3914 nec

430 3941 614 4009 Antonium.
661 3941 823 4025 Equidem
840 3940 926 4005 orbis
942 3944 1093 4009 victorem
1109 3949 1270 4014 Cusaroru
1284 3948 1378 4015 donis

431 4045 531 4125 flexit,
557 4051 589 4109 et
614 4041 722 4108 invicti
749 4043 808 4106 viri
833 4044 1081 4126 insuperabilem
1110 4050 1251 4114 anirunnr
1278 4073 1380 4115 rnere·

431 4147 540 4211 tricina
567 4142 664 4210 decor
690 4152 723 4209 ct
747 4146 915 4230 prostituta
945 4146 1042 4211 facies
1068 4151 1236 4232 superarit.
1283 4153 1379 4217 Unde

431 4246 582 4313 lenocinii
600 4244 668 4330 nitra
685 4246 920 4311 solicitudinem
938 4260 1033 4328 poeta
1048 4248 1244 4330 exprimens,
1259 4252 1380 4335 adjicit,
