3384 5234
322 698 391 744 crr.
408 678 477 762 ru]
657 696 912 743 rorrcnmcns.
1207 680 1269 738 32⁷

322 873 408 915 num.
455 853 489 917 si
514 852 696 936 quempiam
722 851 935 914 calumniatus
964 871 1045 929 sum,
1069 852 1097 912 si
1127 848 1271 932 oppressi

322 954 469 1036 aliquem.
518 951 689 1015 Neminem
718 951 834 1035 injuste
865 962 1046 1029 vexaverat,
1073 952 1129 1035 qui
1159 970 1271 1013 omnes

322 1056 499 1119 calumnias
513 1052 718 1133 excludebat,
733 1075 793 1117 nec
807 1053 969 1137 judicium
989 1054 1058 1138 ejus
1072 1054 1273 1137 pervertebat

323 1177 397 1219 caro
414 1158 463 1219 rel
478 1154 619 1236 sanguis
636 1155 693 1239 qni
712 1155 835 1218 nullum
859 1176 1000 1237 unquam
1023 1155 1190 1238 oppressit.
1236 1152 1273 1215 Si

324 1258 408 1321 enirn
417 1257 450 1319 in
460 1256 1068 1341 manusejusquisquaminciderat,non
1078 1278 1152 1319 eum
1157 1256 1274 1340 judex,

324 1359 382 1422 sed
397 1359 526 1442 propria
539 1357 691 1440 iniquitas
702 1359 913 1443 opprimebat.
952 1359 986 1421 Si
1001 1358 1042 1422 de
1056 1380 1153 1421 manu
1169 1358 1274 1441 cujus·

324 1480 418 1543 quam
428 1459 1276 1544 munusaccepi,contemnamilludhodie,restituam-

325 1581 386 1642 que
397 1561 500 1623 vobis.
535 1560 621 1633 Quid
631 1582 742 1644 quaeso
752 1561 937 1644 expressius
947 1561 1012 1623 dici
1020 1558 1161 1645 poterat?
1186 1558 1276 1623 Utin

325 1682 449 1724 summa
475 1682 601 1724 omnem
626 1663 765 1725 avaritiae
790 1662 1008 1747 suspicionem
1030 1664 1134 1740 tollat,
1156 1661 1276 1723 nullius

325 1762 465 1826 muneris
497 1763 728 1827 conscientiam
763 1764 860 1827 docet
892 1785 926 1827 se
959 1764 1119 1842 habuisse,
1148 1772 1277 1845 paratus

326 1875 529 1929 contemnere
545 1876 577 1929 et
591 1866 767 1940 restituere,
778 1865 806 1927 si
821 1865 898 1947 quid
915 1866 1044 1929 omnino
1059 1864 1148 1947 exigi
1159 1873 1277 1949 posset.

326 1966 472 2029 Malebut
487 1965 571 2028 enim
585 1962 666 2027 illud
681 1963 847 2029 restituere
862 1965 895 2027 in
911 1966 1073 2048 praesenti,
1088 1986 1186 2048 quam
1204 1984 1279 2027 cum

325 2066 429 2129 usuris
451 2064 583 2129 reddere
606 2066 642 2127 in
662 2064 778 2138 futuro,
793 2072 826 2127 et
844 2074 1050 2129 contemnere
1071 2065 1152 2128 illud
1171 2063 1279 2142 hodie,

326 2167 426 2229 satius
440 2165 620 2249 judicabat,
642 2187 740 2249 quam
758 2161 792 2228 in
813 2176 991 2252 conspectu
1005 2168 1070 2231 Dei
1089 2177 1123 2231 et
1136 2166 1279 2230 omnium

326 2270 510 2346 electorum,
526 2289 568 2330 ex
588 2289 626 2331 ea
648 2289 746 2332 causa
765 2268 800 2332 in
822 2291 926 2333 aevum
948 2269 1201 2355 contemptibilis
1224 2291 1280 2353 ap·

326 2390 444 2452 parere.
490 2369 557 2432 Sed
581 2369 661 2453 quid
684 2370 725 2432 ad
748 2369 833 2433 hanc
856 2371 1118 2435 constitutionem
1140 2372 1209 2459 ejus
1231 2393 1280 2435 re·

327 2470 457 2554 spondit
472 2470 618 2533 auditor?
649 2469 746 2533 Audi.
777 2472 823 2533 Et
847 2472 1008 2535 dixerunt.
1039 2471 1124 2544 Qui?
1157 2474 1280 2554 Utique

326 2579 414 2633 totus
443 2571 554 2632 Israel.
609 2570 694 2630 Nam
724 2569 764 2631 ad
800 2590 911 2633 omnes
949 2590 1073 2632 sermon
1109 2571 1280 2637 direxerat.

329 2670 406 2733 Non
432 2689 467 2731 es
494 2668 704 2731 calumniatus
729 2689 800 2742 nos,
823 2690 930 2753 neque
955 2670 1156 2753 oppressisti,
1177 2691 1282 2754 neque

329 2768 429 2831 tulisti
445 2767 485 2832 de
500 2789 598 2831 manu
613 2768 747 2853 alicujus
762 2770 939 2854 quippiam.
986 2771 1021 2835 Si
1048 2772 1121 2854 quis
1145 2792 1283 2856 procon-

328 2870 445 2946 sulum,
465 2868 691 2953 praesidumve,
713 2879 767 2934 aut
798 2872 954 2950 tribunus,
973 2882 1028 2936 aut
1048 2874 1206 2951 centurio,
1226 2872 1283 2936 de·

328 2972 468 3051 curiave,
495 2984 551 3036 aut
574 2972 704 3036 omnino
730 2972 847 3058 aliquis
878 2975 1080 3057 magistratus
1104 2977 1167 3040 tale
1192 2975 1281 3040 testi·
1376 2986 1382 3000 '

330 3073 472 3138 monium
488 3095 508 3137 a
522 3074 770 3158 provincialibus
784 3075 912 3155 meruit,
926 3075 967 3140 ad
992 3076 1191 3160 provinciam
1207 3097 1282 3141 nos·

330 3188 410 3241 tram
426 3198 537 3260 qnaeso
553 3177 698 3256 accedat,
721 3186 758 3243 nt
781 3188 908 3242 nostros
933 3178 1048 3242 doceat
1073 3180 1283 3261 magistratus.

332 3280 418 3343 Nam
432 3278 473 3342 de
499 3278 755 3359 vicecomitibus,
778 3290 811 3343 et
828 3279 974 3365 justitiis,
999 3302 1081 3364 quae,
1105 3293 1141 3345 ut
1163 3281 1284 3364 vulgari

332 3392 440 3445 nostro
450 3392 529 3459 utar,
540 3392 624 3446 recte
634 3383 785 3446 dicuntur
793 3383 1067 3462 numurusnihil
1077 3386 1138 3447 tale
1148 3384 1286 3461 auditur,

333 3482 475 3563 eoquod
495 3481 634 3563 diligunt
647 3505 790 3563 munera,
805 3494 836 3548 et
858 3496 1032 3568 sequuntur
1053 3483 1287 3562 retributiones,

332 3603 394 3646 nec
409 3583 546 3646 liberant
570 3605 743 3668 pauperem
768 3606 788 3648 a
812 3596 954 3669 potente,
969 3586 1101 3650 advenae
1117 3598 1149 3650 et
1162 3586 1286 3670 pupillo

332 3706 399 3749 non
429 3682 589 3767 judicant,
618 3697 651 3749 et
680 3708 777 3750 causa
812 3687 918 3751 viduae
945 3708 1012 3751 non
1040 3687 1216 3771 ingreditur
1244 3686 1287 3752 ad

334 3807 399 3850 eos.
443 3787 542 3850 Porro
564 3807 624 3849 nec
641 3786 770 3871 judices
791 3790 1006 3853 ecclesiastici
1028 3802 1204 3875 sequuntur
1228 3790 1286 3853 Sa-

333 3890 482 3965 muelem,
509 3888 567 3953 sed
593 3891 676 3953 sicut
708 3892 860 3976 populus,
896 3893 941 3956 sic
975 3902 1008 3956 et
1042 3892 1201 3958 sacerdos.
1246 3893 1288 3954 In

334 4012 503 4055 commune
529 3990 737 4073 conqueritur
761 3988 938 4075 sapientia:
993 3993 1157 4056 Tonantes
1182 3994 1288 4074 legem

334 4093 518 4156 nescierunt
530 4113 601 4156 me:
619 4092 782 4176 principes
796 4093 874 4156 facti
889 4104 975 4173 sunt,
990 4104 1022 4157 et
1047 4116 1108 4175 ego
1132 4093 1288 4173 ignorari.

337 4193 433 4264 Quod
455 4203 491 4256 ut
514 4195 554 4256 ab
580 4192 804 4257 humilioribus
827 4194 959 4278 liqueat,
984 4196 1040 4277 qui
1067 4194 1181 4258 decani
1205 4204 1289 4273 sunt,

337 4294 386 4356 vel
416 4292 648 4374 archidiaconi,
675 4294 739 4357 nisi
771 4294 831 4374 illi,
855 4303 891 4357 ut
921 4296 1032 4361 Simon
1061 4306 1169 4360 noster
1192 4315 1289 4359 venc-
