3384 5234
326 750 397 794 cnr.
413 729 532 808 xxmn]
689 744 945 790 ronr'onrrrcus.
1219 728 1281 789 149

329 913 450 987 partem
478 922 551 963 cum
578 920 626 973 eo,
653 918 748 981 quem
775 896 920 974 avaritia,
946 892 1044 969 fastu,
1070 889 1282 956 obstinatione

330 1001 456 1080 mentis,
466 1000 571 1063 fuerat
582 999 784 1084 insequutus.
830 994 894 1060 Sed
911 995 991 1058 falso
1001 993 1176 1069 blanditur,
1192 993 1282 1077 inge-

328 1126 401 1168 rens
431 1124 518 1187 spem
549 1100 678 1187 quietis,
706 1097 784 1162 dum
814 1120 846 1160 se
877 1109 971 1180 gestu
1001 1109 1033 1170 et
1061 1096 1165 1159 verbis
1194 1117 1281 1159 men·

329 1202 410 1266 titur
441 1202 613 1281 Samulem,
641 1199 693 1264 cui
723 1212 845 1263 certum
877 1210 936 1271 est,
971 1196 1117 1261 collatam
1147 1221 1214 1261 esse
1247 1198 1282 1261 in

329 1304 437 1389 quiete
451 1303 555 1367 sedem
573 1327 592 1367 a
607 1300 757 1378 Domino,
768 1304 853 1363 inter
866 1322 920 1363 eos
936 1298 991 1385 qui
1005 1299 1154 1363 invocant
1170 1320 1283 1362 nomen

329 1406 408 1490 ejus.
454 1404 538 1481 Quid
560 1427 637 1490 ergo
661 1401 748 1467 Sauli
771 1399 927 1464 Samuelis
948 1399 1009 1476 sui,
1026 1399 1076 1463 vel
1094 1400 1204 1484 potius
1218 1403 1283 1484 Py·

330 1505 449 1581 thonis,
466 1505 616 1591 profuere
637 1506 810 1589 responsa?
848 1505 1001 1566 Potuerat
1021 1500 1105 1565 forte
1124 1523 1185 1564 non
1201 1523 1284 1587 prae·

266 1635 268 1639 ·
332 1608 473 1671 monitus
495 1629 620 1691 sperare
643 1604 784 1682 meliora,
800 1615 832 1668 et
856 1603 966 1667 saltem
990 1602 1069 1666 dum
1089 1600 1192 1666 alieno
1211 1625 1285 1666 cou-

308 1780 310 1783 y
332 1708 497 1773 foderetur
521 1707 629 1793 gladio
657 1720 837 1793 expectare.
884 1704 1013 1768 Oraculi
1043 1727 1119 1768 vero
1145 1708 1285 1769 vanitate

333 1809 521 1872 certioratus
534 1807 642 1892 gladio
657 1831 715 1871 suo
735 1806 895 1881 incubuit,
911 1819 942 1869 et
965 1804 997 1868 in
1013 1806 1164 1869 extremis
1177 1827 1285 1889 agens,

335 1908 412 1973 dum
436 1910 574 1995 propriae
596 1908 705 1993 gloriae
721 1906 918 1986 consulebat,
933 1907 988 1989 qui
1004 1906 1117 1971 lortius
1132 1906 1212 1970 mori
1227 1930 1286 1992 po-

337 2011 448 2073 tuisset
458 2010 490 2073 in
502 2009 623 2094 praelio,
635 2031 743 2073 auram
757 2008 924 2073 verborum
937 2008 1115 2094 pertimuit,
1124 2020 1157 2071 et
1168 2006 1285 2072 infirmi

336 2123 367 2175 et
383 2111 532 2196 prostrati
547 2110 644 2174 animi
665 2110 805 2183 consilio,
823 2109 963 2193 corporis
978 2122 1011 2174 et
1026 2109 1139 2173 animae
1155 2123 1288 2175 mortem

336 2212 457 2277 ascivit.
492 2212 681 2277 Glorientur
691 2223 803 2296 gentes
815 2211 847 2274 in
860 2210 1049 2276 fortitudine
1064 2235 1131 2292 sua,
1142 2225 1289 2277 auctores

335 2336 443 2377 earum
459 2313 578 2394 dicant,
590 2316 812 2399 unusquisque
827 2312 915 2399 quod
930 2312 1036 2390 sentit,
1048 2313 1125 2377 dum
1144 2315 1288 2379 Heroum

336 2438 465 2479 suorum
489 2414 601 2479 titulos
623 2414 809 2500 pradicant,
832 2414 910 2478 dum
934 2437 1121 2498 magnorum
1145 2416 1287 2480 virorum

338 2513 558 2579 fortitudinem
590 2527 822 2598 praeconantur.
883 2514 980 2578 Bibat
1010 2513 1072 2578 illis
1106 2516 1291 2579 auctoribus

340 2615 422 2677 Cato
444 2634 612 2692 venenum,
629 2613 775 2676 Vulteius
793 2612 923 2675 dextras
945 2624 977 2675 et
999 2624 1120 2676 mentes
1135 2613 1290 2676 sociorum

337 2725 437 2777 armet
451 2714 492 2777 ad
513 2714 724 2778 voluntariam
745 2727 890 2777 mortem.
935 2715 996 2777 Per
1012 2712 1167 2777 mamillas
1182 2713 1222 2776 ad
1237 2737 1291 2779 cor

340 2837 495 2878 venenum
510 2814 656 2901 aspidum
667 2814 841 2879 insanabile
858 2813 1029 2900 Cleopatra
1044 2812 1192 2901 trajiciat.
1228 2814 1291 2879 Lu-

339 2914 438 2977 cretia
463 2914 593 2978 alienam
621 2914 856 3001 impudicitiam
883 2914 1046 2999 sanguinis
1068 2918 1119 2978 sui
1140 2914 1292 2979 effusione

340 3016 539 3080 condemnet.
583 3017 657 3103 Ego
671 3016 796 3080 evenire
817 3038 910 3101 posse
932 3038 994 3079 non
1015 3016 1164 3092 arbitror,
1180 3029 1216 3080 ut
1236 3040 1292 3081 cu·

336 3118 517 3202 juscunque
546 3117 742 3183 difficultatis
771 3117 917 3193 articulo,
945 3116 1037 3179 liceat
1064 3116 1193 3202 propiis
1218 3139 1293 3181 auc·

343 3221 470 3283 toritate
492 3219 623 3297 homini,
646 3219 706 3285 sibi
729 3233 861 3284 mortem
885 3217 1010 3298 inferre,
1032 3240 1090 3281 nec
1115 3218 1210 3283 etiam
1237 3219 1294 3283 ubi

343 3320 471 3384 castitas
485 3320 696 3405 periclitatur„
741 3321 832 3385 Licet
857 3321 941 3385 hunc
956 3342 1064 3383 casum
1080 3319 1227 3384 videatur
1241 3343 1295 3386 ex·

342 3422 449 3506 cipere
463 3421 573 3487 doctor
588 3423 643 3487 ille
662 3422 842 3499 doctorum,
859 3422 911 3486 cui
934 3423 965 3486 in
982 3425 1118 3488 sacrario
1132 3421 1295 3487 literarum

346 3522 399 3583 vix
409 3521 547 3607 aliquem
559 3523 662 3587 audeo
675 3546 868 3610 comparare.
905 3528 936 3587 H
940 3546 985 3587 aec
997 3546 1081 3587 mors
1092 3523 1220 3587 omnino
1228 3523 1298 3588 des·

343 3637 526 3708 peratorum
553 3639 610 3700 est,
635 3637 667 3689 et
693 3647 813 3700 eorum,
837 3626 894 3710 qui
922 3624 994 3687 licet
1020 3647 1150 3709 corpore
1176 3624 1297 3702 vivant,

341 3725 409 3809 jam
425 3725 539 3790 mentis
553 3740 653 3791 morte
668 3725 868 3812 praemortui,
884 3724 989 3789 animo
1004 3725 1110 3789 vivere
1124 3727 1298 3790 desierunt.

348 3826 469 3912 Utique
489 3849 552 3890 non
575 3827 733 3905 vivorum,
756 3827 811 3890 sed
829 3827 896 3912 jam
919 3839 1115 3892 mortuorum
1137 3850 1221 3891 mors
1240 3840 1297 3890 est.

345 3928 528 3991 Infidelium
541 3951 653 4011 regum
664 3950 815 4014 percurre
826 3928 949 4005 seriem,
961 3929 1167 4009 Hieroboam,
1176 3927 1299 4003 Achab,

344 4029 485 4105 Jezebel,
508 4029 817 4107 Nabuchodonosor,
841 4029 1066 4106 Sennacherib,
1086 4042 1118 4093 et
1144 4029 1198 4093 alii
1221 4052 1300 4116 quo-

347 4152 418 4193 rum
434 4153 556 4194 errores
573 4153 635 4194 non
657 4130 777 4195 sufficio
799 4152 956 4207 enarrare,
973 4129 1176 4215 quidlucrati
1192 4130 1300 4195 sintin

344 4230 476 4295 vatibus
492 4232 566 4308 suis,
583 4231 640 4317 qui
657 4232 808 4296 videbant
824 4231 870 4296 eis
886 4231 966 4294 falsa
981 4244 1013 4295 et
1029 4230 1138 4307 stulta,
1155 4254 1212 4294 nec
1227 4254 1301 4316 ape·

348 4330 473 4395 riebant
488 4333 533 4396 eis
548 4333 751 4418 iniquitatem
768 4354 891 4409 eorum,
907 4344 943 4397 ut
957 4356 1010 4396 eos
1025 4330 1065 4404 ad
1081 4330 1301 4416 poenitentiam
