<?xml version="1.0" encoding="UTF-8"?>
<!DOCTYPE html PUBLIC "-//W3C//DTD XHTML 1.0 Transitional//EN"
    "http://www.w3.org/TR/xhtml1/DTD/xhtml1-transitional.dtd">
<html xmlns="http://www.w3.org/1999/xhtml" xml:lang="en" lang="en">
 <head>
  <title>
</title>
<meta http-equiv="Content-Type" content="text/html;charset=utf-8" />
  <meta name='ocr-system' content='tesseract 3.04.00' />
  <meta name='ocr-capabilities' content='ocr_page ocr_carea ocr_par ocr_line ocrx_word'/>
</head>
<body>
  <div class='ocr_page' id='page_1' title='image "./joannissaresber06johngoog_0101.png"; bbox 0 0 3384 5234; ppageno 0'>
   <div class='ocr_carea' id='block_1_1' title="bbox 368 655 1417 749">
    <p class='ocr_par' dir='ltr' id='par_1_1' title="bbox 368 655 1417 749">
     <span class='ocr_line' id='line_1_1' title="bbox 368 655 1417 749; baseline 0 -19"><span class='ocrx_word' id='word_1_1' title='bbox 368 669 550 749; x_wconf 75' lang='lat' dir='ltr'><strong>car.xv11.]</strong></span> <span class='ocrx_word' id='word_1_2' title='bbox 707 685 963 731; x_wconf 79' lang='lat' dir='ltr'><strong>ronrcasrrcus.</strong></span> <span class='ocrx_word' id='word_1_3' title='bbox 1283 672 1323 731; x_wconf 82' lang='lat' dir='ltr'><strong>ot</strong></span> <span class='ocrx_word' id='word_1_4' title='bbox 1412 655 1417 667; x_wconf 77' lang='grc'>’</span> 
     </span>
    </p>
   </div>
   <div class='ocr_carea' id='block_1_2' title="bbox 366 835 1327 1839">
    <p class='ocr_par' dir='ltr' id='par_1_2' title="bbox 366 835 1327 1839">
     <span class='ocr_line' id='line_1_2' title="bbox 368 835 1323 923; baseline 0 -21"><span class='ocrx_word' id='word_1_5' title='bbox 368 860 465 923; x_wconf 90' lang='lat' dir='ltr'><strong>quam</strong></span> <span class='ocrx_word' id='word_1_6' title='bbox 479 837 509 902; x_wconf 87' lang='lat' dir='ltr'><strong>ei</strong></span> <span class='ocrx_word' id='word_1_7' title='bbox 526 836 686 903; x_wconf 87' lang='lat' dir='ltr'><strong>Dominus</strong></span> <span class='ocrx_word' id='word_1_8' title='bbox 700 836 896 922; x_wconf 82' lang='lat' dir='ltr'><strong>inspirabat:</strong></span> <span class='ocrx_word' id='word_1_9' title='bbox 921 835 975 900; x_wconf 90' lang='lat' dir='ltr'><strong>sed</strong></span> <span class='ocrx_word' id='word_1_10' title='bbox 988 835 1082 912; x_wconf 85' lang='lat' dir='ltr'><strong>absit,</strong></span> <span class='ocrx_word' id='word_1_11' title='bbox 1099 849 1135 901; x_wconf 92' lang='lat' dir='ltr'><strong>ut</strong></span> <span class='ocrx_word' id='word_1_12' title='bbox 1151 837 1323 903; x_wconf 86' lang='lat' dir='ltr'><strong>vanitatem</strong></span> 
     </span>
     <span class='ocr_line' id='line_1_3' title="bbox 366 937 1325 1027; baseline -0.001 -23"><span class='ocrx_word' id='word_1_13' title='bbox 366 944 449 1004; x_wconf 86' lang='lat' dir='ltr'><strong>hanc</strong></span> <span class='ocrx_word' id='word_1_14' title='bbox 463 940 495 1004; x_wconf 92' lang='lat' dir='ltr'><strong>in</strong></span> <span class='ocrx_word' id='word_1_15' title='bbox 518 952 618 1005; x_wconf 83' lang='lat' dir='ltr'><strong>artem</strong></span> <span class='ocrx_word' id='word_1_16' title='bbox 635 937 794 1023; x_wconf 85' lang='lat' dir='ltr'><strong>redegerit</strong></span> <span class='ocrx_word' id='word_1_17' title='bbox 817 938 866 1002; x_wconf 89' lang='lat' dir='ltr'><strong>vir</strong></span> <span class='ocrx_word' id='word_1_18' title='bbox 887 951 1026 1016; x_wconf 86' lang='lat' dir='ltr'><strong>sanctus,</strong></span> <span class='ocrx_word' id='word_1_19' title='bbox 1042 938 1099 1025; x_wconf 90' lang='lat' dir='ltr'><strong>qui</strong></span> <span class='ocrx_word' id='word_1_20' title='bbox 1121 939 1192 1025; x_wconf 90' lang='lat' dir='ltr'><strong>lege</strong></span> <span class='ocrx_word' id='word_1_21' title='bbox 1215 940 1325 1027; x_wconf 86' lang='lat' dir='ltr'><strong>Moysi</strong></span> 
     </span>
     <span class='ocr_line' id='line_1_4' title="bbox 368 1040 1325 1128; baseline 0.001 -22"><span class='ocrx_word' id='word_1_22' title='bbox 368 1041 565 1128; x_wconf 89' lang='lat' dir='ltr'><strong>prohibitum</strong></span> <span class='ocrx_word' id='word_1_23' title='bbox 593 1064 661 1106; x_wconf 85' lang='lat' dir='ltr'><strong>esso</strong></span> <span class='ocrx_word' id='word_1_24' title='bbox 689 1052 833 1113; x_wconf 88' lang='lat' dir='ltr'><strong>noverat,</strong></span> <span class='ocrx_word' id='word_1_25' title='bbox 862 1063 901 1104; x_wconf 88' lang='lat' dir='ltr'><strong>ne</strong></span> <span class='ocrx_word' id='word_1_26' title='bbox 930 1040 1074 1106; x_wconf 90' lang='lat' dir='ltr'><strong>fidelium</strong></span> <span class='ocrx_word' id='word_1_27' title='bbox 1101 1041 1175 1127; x_wconf 89' lang='lat' dir='ltr'><strong>quis</strong></span> <span class='ocrx_word' id='word_1_28' title='bbox 1204 1043 1325 1108; x_wconf 88' lang='lat' dir='ltr'><strong>somnia</strong></span> 
     </span>
     <span class='ocr_line' id='line_1_5' title="bbox 370 1142 1324 1231; baseline 0.002 -24"><span class='ocrx_word' id='word_1_29' title='bbox 370 1156 575 1231; x_wconf 85' lang='lat' dir='ltr'><strong>sequeretur:</strong></span> <span class='ocrx_word' id='word_1_30' title='bbox 623 1142 722 1208; x_wconf 86' lang='lat' dir='ltr'><strong>sciens</strong></span> <span class='ocrx_word' id='word_1_31' title='bbox 751 1142 863 1228; x_wconf 89' lang='lat' dir='ltr'><strong>utique</strong></span> <span class='ocrx_word' id='word_1_32' title='bbox 894 1142 1061 1208; x_wconf 83' lang='lat' dir='ltr'><strong>satellitem</strong></span> <span class='ocrx_word' id='word_1_33' title='bbox 1093 1144 1253 1218; x_wconf 74' lang='lat' dir='ltr'><strong>sathanae,</strong></span> <span class='ocrx_word' id='word_1_34' title='bbox 1283 1144 1324 1209; x_wconf 89' lang='lat' dir='ltr'><strong>ad</strong></span> 
     </span>
     <span class='ocr_line' id='line_1_6' title="bbox 369 1244 1327 1330; baseline 0.001 -20"><span class='ocrx_word' id='word_1_35' title='bbox 369 1247 604 1312; x_wconf 89' lang='lat' dir='ltr'><strong>subversionem</strong></span> <span class='ocrx_word' id='word_1_36' title='bbox 627 1245 803 1318; x_wconf 88' lang='lat' dir='ltr'><strong>hominum,</strong></span> <span class='ocrx_word' id='word_1_37' title='bbox 826 1248 860 1309; x_wconf 91' lang='lat' dir='ltr'><strong>in</strong></span> <span class='ocrx_word' id='word_1_38' title='bbox 882 1244 1030 1330; x_wconf 85' lang='lat' dir='ltr'><strong>angelum</strong></span> <span class='ocrx_word' id='word_1_39' title='bbox 1053 1247 1133 1311; x_wconf 88' lang='lat' dir='ltr'><strong>lucis</strong></span> <span class='ocrx_word' id='word_1_40' title='bbox 1155 1249 1327 1329; x_wconf 86' lang='lat' dir='ltr'><strong>transfigu-</strong></span> 
     </span>
     <span class='ocr_line' id='line_1_7' title="bbox 369 1345 1323 1434; baseline 0.001 -22"><span class='ocrx_word' id='word_1_41' title='bbox 369 1349 442 1429; x_wconf 92' lang='lat' dir='ltr'><strong>rari,</strong></span> <span class='ocrx_word' id='word_1_42' title='bbox 457 1362 488 1413; x_wconf 90' lang='lat' dir='ltr'><strong>et</strong></span> <span class='ocrx_word' id='word_1_43' title='bbox 509 1347 717 1412; x_wconf 87' lang='lat' dir='ltr'><strong>immissiones</strong></span> <span class='ocrx_word' id='word_1_44' title='bbox 737 1345 806 1410; x_wconf 80' lang='lat' dir='ltr'><strong>fieri</strong></span> <span class='ocrx_word' id='word_1_45' title='bbox 824 1367 883 1432; x_wconf 90' lang='lat' dir='ltr'><strong>per</strong></span> <span class='ocrx_word' id='word_1_46' title='bbox 905 1346 1034 1431; x_wconf 82' lang='lat' dir='ltr'><strong>angelos</strong></span> <span class='ocrx_word' id='word_1_47' title='bbox 1053 1346 1162 1412; x_wconf 91' lang='lat' dir='ltr'><strong>malos.</strong></span> <span class='ocrx_word' id='word_1_48' title='bbox 1201 1348 1323 1434; x_wconf 88' lang='lat' dir='ltr'><strong>Josepb</strong></span> 
     </span>
     <span class='ocr_line' id='line_1_8' title="bbox 369 1446 1326 1536; baseline -0.001 -22"><span class='ocrx_word' id='word_1_49' title='bbox 369 1471 498 1536; x_wconf 90' lang='lat' dir='ltr'><strong>quoque</strong></span> <span class='ocrx_word' id='word_1_50' title='bbox 513 1447 711 1535; x_wconf 87' lang='lat' dir='ltr'><strong>conjectandi</strong></span> <span class='ocrx_word' id='word_1_51' title='bbox 727 1450 833 1533; x_wconf 89' lang='lat' dir='ltr'><strong>gratia</strong></span> <span class='ocrx_word' id='word_1_52' title='bbox 851 1446 990 1534; x_wconf 84' lang='lat' dir='ltr'><strong>AEgypti</strong></span> <span class='ocrx_word' id='word_1_53' title='bbox 1012 1447 1228 1533; x_wconf 84' lang='lat' dir='ltr'><strong>principatum</strong></span> <span class='ocrx_word' id='word_1_54' title='bbox 1243 1449 1326 1515; x_wconf 91' lang='lat' dir='ltr'><strong>obti-</strong></span> 
     </span>
     <span class='ocr_line' id='line_1_9' title="bbox 371 1549 1325 1637; baseline 0 -20"><span class='ocrx_word' id='word_1_55' title='bbox 371 1551 452 1629; x_wconf 88' lang='lat' dir='ltr'><strong>nuit,</strong></span> <span class='ocrx_word' id='word_1_56' title='bbox 479 1564 511 1616; x_wconf 89' lang='lat' dir='ltr'><strong>et</strong></span> <span class='ocrx_word' id='word_1_57' title='bbox 537 1572 631 1637; x_wconf 87' lang='lat' dir='ltr'><strong>quem</strong></span> <span class='ocrx_word' id='word_1_58' title='bbox 658 1551 772 1615; x_wconf 88' lang='lat' dir='ltr'><strong>fratres</strong></span> <span class='ocrx_word' id='word_1_59' title='bbox 800 1550 893 1635; x_wconf 88' lang='lat' dir='ltr'><strong>quasi</strong></span> <span class='ocrx_word' id='word_1_60' title='bbox 919 1549 960 1613; x_wconf 93' lang='lat' dir='ltr'><strong>de</strong></span> <span class='ocrx_word' id='word_1_61' title='bbox 984 1549 1105 1614; x_wconf 89' lang='lat' dir='ltr'><strong>invidia</strong></span> <span class='ocrx_word' id='word_1_62' title='bbox 1131 1550 1325 1617; x_wconf 89' lang='lat' dir='ltr'><strong>somniorum</strong></span> 
     </span>
     <span class='ocr_line' id='line_1_10' title="bbox 370 1650 1324 1732; baseline 0.001 -15"><span class='ocrx_word' id='word_1_63' title='bbox 370 1652 534 1717; x_wconf 87' lang='lat' dir='ltr'><strong>venditum</strong></span> <span class='ocrx_word' id='word_1_64' title='bbox 569 1650 749 1732; x_wconf 89' lang='lat' dir='ltr'><strong>Ismaelitis,</strong></span> <span class='ocrx_word' id='word_1_65' title='bbox 778 1651 956 1716; x_wconf 82' lang='lat' dir='ltr'><strong>obnoxium</strong></span> <span class='ocrx_word' id='word_1_66' title='bbox 994 1653 1135 1728; x_wconf 71' lang='lat' dir='ltr'><strong>fecerant</strong></span> <span class='ocrx_word' id='word_1_67' title='bbox 1165 1654 1324 1731; x_wconf 88' lang='lat' dir='ltr'><strong>servituti,</strong></span> 
     </span>
     <span class='ocr_line' id='line_1_11' title="bbox 370 1752 1324 1839; baseline 0.003 -22"><span class='ocrx_word' id='word_1_68' title='bbox 370 1754 492 1838; x_wconf 87' lang='lat' dir='ltr'><strong>digitus</strong></span> <span class='ocrx_word' id='word_1_69' title='bbox 518 1752 649 1819; x_wconf 90' lang='lat' dir='ltr'><strong>Domini</strong></span> <span class='ocrx_word' id='word_1_70' title='bbox 674 1775 735 1817; x_wconf 92' lang='lat' dir='ltr'><strong>non</strong></span> <span class='ocrx_word' id='word_1_71' title='bbox 762 1753 868 1817; x_wconf 86' lang='lat' dir='ltr'><strong>minus</strong></span> <span class='ocrx_word' id='word_1_72' title='bbox 893 1754 1050 1839; x_wconf 89' lang='lat' dir='ltr'><strong>jucundo,</strong></span> <span class='ocrx_word' id='word_1_73' title='bbox 1076 1776 1174 1839; x_wconf 88' lang='lat' dir='ltr'><strong>quam</strong></span> <span class='ocrx_word' id='word_1_74' title='bbox 1205 1755 1324 1820; x_wconf 85' lang='lat' dir='ltr'><strong>salubri</strong></span> 
     </span>
    </p>
   </div>
   <div class='ocr_carea' id='block_1_3' title="bbox 372 1855 1429 1942">
    <p class='ocr_par' dir='ltr' id='par_1_3' title="bbox 372 1855 1429 1942">
     <span class='ocr_line' id='line_1_12' title="bbox 372 1855 1429 1942; baseline 0 -22"><span class='ocrx_word' id='word_1_75' title='bbox 372 1856 534 1941; x_wconf 83' lang='lat' dir='ltr'><strong>mysterio,</strong></span> <span class='ocrx_word' id='word_1_76' title='bbox 545 1855 683 1922; x_wconf 87' lang='lat' dir='ltr'><strong>revelata</strong></span> <span class='ocrx_word' id='word_1_77' title='bbox 697 1856 778 1921; x_wconf 87' lang='lat' dir='ltr'><strong>facie</strong></span> <span class='ocrx_word' id='word_1_78' title='bbox 793 1855 990 1931; x_wconf 87' lang='lat' dir='ltr'><strong>futurorum,</strong></span> <span class='ocrx_word' id='word_1_79' title='bbox 1002 1878 1076 1940; x_wconf 87' lang='lat' dir='ltr'><strong>quae</strong></span> <span class='ocrx_word' id='word_1_80' title='bbox 1092 1878 1125 1919; x_wconf 91' lang='lat' dir='ltr'><strong>se</strong></span> <span class='ocrx_word' id='word_1_81' title='bbox 1140 1856 1208 1941; x_wconf 90' lang='lat' dir='ltr'><strong>regi</strong></span> <span class='ocrx_word' id='word_1_82' title='bbox 1223 1856 1327 1942; x_wconf 87' lang='lat' dir='ltr'><strong>quies·</strong></span> <span class='ocrx_word' id='word_1_83' title='bbox 1426 1858 1429 1862; x_wconf 78' lang='grc'><strong>’</strong></span> 
     </span>
    </p>
   </div>
   <div class='ocr_carea' id='block_1_4' title="bbox 301 1955 1360 4386">
    <p class='ocr_par' dir='ltr' id='par_1_4' title="bbox 301 1955 1360 4386">
     <span class='ocr_line' id='line_1_13' title="bbox 372 1955 1326 2041; baseline 0.001 -22"><span class='ocrx_word' id='word_1_84' title='bbox 372 1955 454 2020; x_wconf 90' lang='lat' dir='ltr'><strong>centi</strong></span> <span class='ocrx_word' id='word_1_85' title='bbox 470 1956 674 2041; x_wconf 85' lang='lat' dir='ltr'><strong>ingesserant,</strong></span> <span class='ocrx_word' id='word_1_86' title='bbox 689 1958 782 2041; x_wconf 86' lang='lat' dir='ltr'><strong>quasi</strong></span> <span class='ocrx_word' id='word_1_87' title='bbox 797 1955 938 2039; x_wconf 91' lang='lat' dir='ltr'><strong>quodam</strong></span> <span class='ocrx_word' id='word_1_88' title='bbox 961 1958 1152 2020; x_wconf 89' lang='lat' dir='ltr'><strong>somniorum</strong></span> <span class='ocrx_word' id='word_1_89' title='bbox 1168 1955 1326 2037; x_wconf 86' lang='lat' dir='ltr'><strong>vehiculo,</strong></span> 
     </span>
     <span class='ocr_line' id='line_1_14' title="bbox 370 2058 1325 2146; baseline 0 -22"><span class='ocrx_word' id='word_1_90' title='bbox 370 2061 409 2124; x_wconf 94' lang='lat' dir='ltr'><strong>de</strong></span> <span class='ocrx_word' id='word_1_91' title='bbox 425 2060 569 2146; x_wconf 87' lang='lat' dir='ltr'><strong>squalore</strong></span> <span class='ocrx_word' id='word_1_92' title='bbox 584 2060 729 2136; x_wconf 90' lang='lat' dir='ltr'><strong>carceris,</strong></span> <span class='ocrx_word' id='word_1_93' title='bbox 745 2059 777 2123; x_wconf 95' lang='lat' dir='ltr'><strong>in</strong></span> <span class='ocrx_word' id='word_1_94' title='bbox 793 2060 883 2145; x_wconf 89' lang='lat' dir='ltr'><strong>regni</strong></span> <span class='ocrx_word' id='word_1_95' title='bbox 899 2058 1062 2142; x_wconf 84' lang='lat' dir='ltr'><strong>fastigium</strong></span> <span class='ocrx_word' id='word_1_96' title='bbox 1078 2059 1273 2139; x_wconf 91' lang='lat' dir='ltr'><strong>sublimavit,</strong></span> <span class='ocrx_word' id='word_1_97' title='bbox 1289 2073 1325 2125; x_wconf 94' lang='lat' dir='ltr'><strong>ut</strong></span> 
     </span>
     <span class='ocr_line' id='line_1_15' title="bbox 370 2159 1325 2248; baseline 0 -22"><span class='ocrx_word' id='word_1_98' title='bbox 370 2186 431 2227; x_wconf 91' lang='lat' dir='ltr'><strong>non</strong></span> <span class='ocrx_word' id='word_1_99' title='bbox 453 2162 548 2225; x_wconf 92' lang='lat' dir='ltr'><strong>modo</strong></span> <span class='ocrx_word' id='word_1_100' title='bbox 570 2160 650 2226; x_wconf 90' lang='lat' dir='ltr'><strong>liber</strong></span> <span class='ocrx_word' id='word_1_101' title='bbox 672 2161 712 2224; x_wconf 91' lang='lat' dir='ltr'><strong>de</strong></span> <span class='ocrx_word' id='word_1_102' title='bbox 733 2183 836 2239; x_wconf 90' lang='lat' dir='ltr'><strong>servo,</strong></span> <span class='ocrx_word' id='word_1_103' title='bbox 858 2159 912 2225; x_wconf 91' lang='lat' dir='ltr'><strong>sed</strong></span> <span class='ocrx_word' id='word_1_104' title='bbox 935 2160 1088 2225; x_wconf 92' lang='lat' dir='ltr'><strong>nobilium</strong></span> <span class='ocrx_word' id='word_1_105' title='bbox 1108 2174 1141 2225; x_wconf 90' lang='lat' dir='ltr'><strong>et</strong></span> <span class='ocrx_word' id='word_1_106' title='bbox 1159 2183 1325 2248; x_wconf 88' lang='lat' dir='ltr'><strong>procerum</strong></span> 
     </span>
     <span class='ocr_line' id='line_1_16' title="bbox 369 2262 1327 2349; baseline 0 -21"><span class='ocrx_word' id='word_1_107' title='bbox 369 2266 503 2349; x_wconf 87' lang='lat' dir='ltr'><strong>primus,</strong></span> <span class='ocrx_word' id='word_1_108' title='bbox 519 2287 584 2330; x_wconf 94' lang='lat' dir='ltr'><strong>uno</strong></span> <span class='ocrx_word' id='word_1_109' title='bbox 605 2274 728 2329; x_wconf 88' lang='lat' dir='ltr'><strong>tanturn</strong></span> <span class='ocrx_word' id='word_1_110' title='bbox 747 2265 835 2347; x_wconf 88' lang='lat' dir='ltr'><strong>regni</strong></span> <span class='ocrx_word' id='word_1_111' title='bbox 859 2262 977 2327; x_wconf 89' lang='lat' dir='ltr'><strong>scilicet</strong></span> <span class='ocrx_word' id='word_1_112' title='bbox 993 2262 1072 2326; x_wconf 89' lang='lat' dir='ltr'><strong>solio</strong></span> <span class='ocrx_word' id='word_1_113' title='bbox 1092 2264 1327 2349; x_wconf 85' lang='lat' dir='ltr'><strong>praecederetur</strong></span> 
     </span>
     <span class='ocr_line' id='line_1_17' title="bbox 370 2365 1327 2452; baseline 0 -21"><span class='ocrx_word' id='word_1_114' title='bbox 370 2392 389 2430; x_wconf 90' lang='lat' dir='ltr'><strong>a</strong></span> <span class='ocrx_word' id='word_1_115' title='bbox 404 2391 486 2452; x_wconf 88' lang='lat' dir='ltr'><strong>rege.</strong></span> <span class='ocrx_word' id='word_1_116' title='bbox 519 2366 612 2445; x_wconf 80' lang='lat' dir='ltr'><strong>Quod</strong></span> <span class='ocrx_word' id='word_1_117' title='bbox 630 2365 744 2451; x_wconf 92' lang='lat' dir='ltr'><strong>utique</strong></span> <span class='ocrx_word' id='word_1_118' title='bbox 756 2366 781 2430; x_wconf 90' lang='lat' dir='ltr'><strong>si</strong></span> <span class='ocrx_word' id='word_1_119' title='bbox 797 2366 837 2429; x_wconf 92' lang='lat' dir='ltr'><strong>de</strong></span> <span class='ocrx_word' id='word_1_120' title='bbox 854 2367 1002 2430; x_wconf 87' lang='lat' dir='ltr'><strong>humanae</strong></span> <span class='ocrx_word' id='word_1_121' title='bbox 1014 2366 1177 2451; x_wconf 88' lang='lat' dir='ltr'><strong>sapientiae</strong></span> <span class='ocrx_word' id='word_1_122' title='bbox 1192 2366 1327 2431; x_wconf 87' lang='lat' dir='ltr'><strong>artificio</strong></span> 
     </span>
     <span class='ocr_line' id='line_1_18' title="bbox 371 2468 1325 2555; baseline 0.001 -22"><span class='ocrx_word' id='word_1_123' title='bbox 371 2470 554 2554; x_wconf 86' lang='lat' dir='ltr'><strong>contingere</strong></span> <span class='ocrx_word' id='word_1_124' title='bbox 584 2470 752 2553; x_wconf 91' lang='lat' dir='ltr'><strong>potuisset,</strong></span> <span class='ocrx_word' id='word_1_125' title='bbox 784 2468 923 2555; x_wconf 85' lang='lat' dir='ltr'><strong>aliquem</strong></span> <span class='ocrx_word' id='word_1_126' title='bbox 961 2468 1158 2533; x_wconf 90' lang='lat' dir='ltr'><strong>decessorum</strong></span> <span class='ocrx_word' id='word_1_127' title='bbox 1196 2492 1325 2534; x_wconf 88' lang='lat' dir='ltr'><strong>suorum</strong></span> 
     </span>
     <span class='ocr_line' id='line_1_19' title="bbox 371 2568 1326 2655; baseline 0 -20"><span class='ocrx_word' id='word_1_128' title='bbox 371 2586 443 2636; x_wconf 90' lang='lat' dir='ltr'><strong>ante</strong></span> <span class='ocrx_word' id='word_1_129' title='bbox 459 2595 532 2638; x_wconf 91' lang='lat' dir='ltr'><strong>enm</strong></span> <span class='ocrx_word' id='word_1_130' title='bbox 556 2571 710 2635; x_wconf 85' lang='lat' dir='ltr'><strong>meruisse</strong></span> <span class='ocrx_word' id='word_1_131' title='bbox 733 2571 931 2648; x_wconf 89' lang='lat' dir='ltr'><strong>crediderim,</strong></span> <span class='ocrx_word' id='word_1_132' title='bbox 947 2570 997 2634; x_wconf 91' lang='lat' dir='ltr'><strong>vel</strong></span> <span class='ocrx_word' id='word_1_133' title='bbox 1019 2568 1180 2634; x_wconf 88' lang='lat' dir='ltr'><strong>scientiam</strong></span> <span class='ocrx_word' id='word_1_134' title='bbox 1203 2594 1326 2655; x_wconf 91' lang='lat' dir='ltr'><strong>prome-</strong></span> 
     </span>
     <span class='ocr_line' id='line_1_20' title="bbox 369 2672 1360 2761; baseline -0.001 -24"><span class='ocrx_word' id='word_1_135' title='bbox 369 2676 458 2739; x_wconf 92' lang='lat' dir='ltr'><strong>rendi</strong></span> <span class='ocrx_word' id='word_1_136' title='bbox 482 2675 584 2738; x_wconf 83' lang='lat' dir='ltr'><strong>virum</strong></span> <span class='ocrx_word' id='word_1_137' title='bbox 609 2686 765 2751; x_wconf 90' lang='lat' dir='ltr'><strong>sanctum,</strong></span> <span class='ocrx_word' id='word_1_138' title='bbox 788 2686 821 2738; x_wconf 87' lang='lat' dir='ltr'><strong>et</strong></span> <span class='ocrx_word' id='word_1_139' title='bbox 844 2673 973 2761; x_wconf 88' lang='lat' dir='ltr'><strong>pietatis</strong></span> <span class='ocrx_word' id='word_1_140' title='bbox 996 2673 1113 2736; x_wconf 88' lang='lat' dir='ltr'><strong>affectu</strong></span> <span class='ocrx_word' id='word_1_141' title='bbox 1134 2672 1276 2757; x_wconf 90' lang='lat' dir='ltr'><strong>plenum,</strong></span> <span class='ocrx_word' id='word_1_142' title='bbox 1299 2673 1326 2737; x_wconf 92' lang='lat' dir='ltr'><strong>si</strong></span> <span class='ocrx_word' id='word_1_143' title='bbox 1358 2693 1360 2696; x_wconf 83' lang='lat'>·</span> 
     </span>
     <span class='ocr_line' id='line_1_21' title="bbox 370 2773 1324 2860; baseline 0.001 -22"><span class='ocrx_word' id='word_1_144' title='bbox 370 2798 432 2838; x_wconf 93' lang='lat' dir='ltr'><strong>non</strong></span> <span class='ocrx_word' id='word_1_145' title='bbox 455 2774 594 2839; x_wconf 87' lang='lat' dir='ltr'><strong>humano</strong></span> <span class='ocrx_word' id='word_1_146' title='bbox 609 2775 717 2860; x_wconf 85' lang='lat' dir='ltr'><strong>generi</strong></span> <span class='ocrx_word' id='word_1_147' title='bbox 740 2775 967 2852; x_wconf 89' lang='lat' dir='ltr'><strong>incommune,</strong></span> <span class='ocrx_word' id='word_1_148' title='bbox 983 2773 1070 2860; x_wconf 92' lang='lat' dir='ltr'><strong>quod</strong></span> <span class='ocrx_word' id='word_1_149' title='bbox 1095 2787 1201 2838; x_wconf 89' lang='lat' dir='ltr'><strong>tamen</strong></span> <span class='ocrx_word' id='word_1_150' title='bbox 1223 2778 1324 2860; x_wconf 79' lang='lat' dir='ltr'><strong>aequi·</strong></span> 
     </span>
     <span class='ocr_line' id='line_1_22' title="bbox 370 2874 1327 2960; baseline 0.001 -22"><span class='ocrx_word' id='word_1_151' title='bbox 370 2874 446 2939; x_wconf 88' lang='lat' dir='ltr'><strong>tatis</strong></span> <span class='ocrx_word' id='word_1_152' title='bbox 471 2888 561 2953; x_wconf 88' lang='lat' dir='ltr'><strong>esset,</strong></span> <span class='ocrx_word' id='word_1_153' title='bbox 586 2875 741 2940; x_wconf 90' lang='lat' dir='ltr'><strong>fratribus</strong></span> <span class='ocrx_word' id='word_1_154' title='bbox 766 2888 799 2939; x_wconf 90' lang='lat' dir='ltr'><strong>et</strong></span> <span class='ocrx_word' id='word_1_155' title='bbox 824 2875 899 2940; x_wconf 89' lang='lat' dir='ltr'><strong>filiis</strong></span> <span class='ocrx_word' id='word_1_156' title='bbox 928 2874 1019 2938; x_wconf 84' lang='lat' dir='ltr'><strong>facile</strong></span> <span class='ocrx_word' id='word_1_157' title='bbox 1049 2874 1228 2960; x_wconf 89' lang='lat' dir='ltr'><strong>putaverim</strong></span> <span class='ocrx_word' id='word_1_158' title='bbox 1254 2875 1327 2939; x_wconf 92' lang='lat' dir='ltr'><strong>reli-</strong></span> 
     </span>
     <span class='ocr_line' id='line_1_23' title="bbox 301 2974 1326 3074; baseline 0.003 -36"><span class='ocrx_word' id='word_1_159' title='bbox 301 3019 307 3027; x_wconf 73' lang='lat'><em>-</em></span> <span class='ocrx_word' id='word_1_160' title='bbox 338 3062 348 3074; x_wconf 21' lang='grc' dir='ltr'><strong>ἰ</strong></span> <span class='ocrx_word' id='word_1_161' title='bbox 371 2976 488 3062; x_wconf 91' lang='lat' dir='ltr'><strong>quisse.</strong></span> <span class='ocrx_word' id='word_1_162' title='bbox 535 2974 590 3038; x_wconf 91' lang='lat' dir='ltr'><strong>Ad</strong></span> <span class='ocrx_word' id='word_1_163' title='bbox 610 2975 679 3039; x_wconf 91' lang='lat' dir='ltr'><strong>haec</strong></span> <span class='ocrx_word' id='word_1_164' title='bbox 695 2976 826 3061; x_wconf 85' lang='lat' dir='ltr'><strong>Moyses</strong></span> <span class='ocrx_word' id='word_1_165' title='bbox 849 2975 992 3040; x_wconf 89' lang='lat' dir='ltr'><strong>eruditus</strong></span> <span class='ocrx_word' id='word_1_166' title='bbox 1014 2976 1046 3039; x_wconf 90' lang='lat' dir='ltr'><strong>in</strong></span> <span class='ocrx_word' id='word_1_167' title='bbox 1067 2977 1154 3039; x_wconf 92' lang='lat' dir='ltr'><strong>omni</strong></span> <span class='ocrx_word' id='word_1_168' title='bbox 1172 2976 1326 3063; x_wconf 88' lang='lat' dir='ltr'><strong>sapientia</strong></span> 
     </span>
     <span class='ocr_line' id='line_1_24' title="bbox 370 3074 1325 3162; baseline 0 -21"><span class='ocrx_word' id='word_1_169' title='bbox 370 3074 598 3161; x_wconf 88' lang='lat' dir='ltr'><strong>AEgyptiorum</strong></span> <span class='ocrx_word' id='word_1_170' title='bbox 624 3074 704 3140; x_wconf 89' lang='lat' dir='ltr'><strong>hanc</strong></span> <span class='ocrx_word' id='word_1_171' title='bbox 731 3089 830 3140; x_wconf 89' lang='lat' dir='ltr'><strong>artem</strong></span> <span class='ocrx_word' id='word_1_172' title='bbox 858 3089 914 3140; x_wconf 89' lang='lat' dir='ltr'><strong>aut</strong></span> <span class='ocrx_word' id='word_1_173' title='bbox 944 3075 1077 3139; x_wconf 85' lang='lat' dir='ltr'><strong>nescivit</strong></span> <span class='ocrx_word' id='word_1_174' title='bbox 1106 3088 1163 3141; x_wconf 90' lang='lat' dir='ltr'><strong>aut</strong></span> <span class='ocrx_word' id='word_1_175' title='bbox 1195 3079 1325 3162; x_wconf 85' lang='lat' dir='ltr'><strong>sprevit,</strong></span> 
     </span>
     <span class='ocr_line' id='line_1_25' title="bbox 371 3176 1327 3264; baseline 0 -22"><span class='ocrx_word' id='word_1_176' title='bbox 371 3200 470 3263; x_wconf 88' lang='lat' dir='ltr'><strong>quum</strong></span> <span class='ocrx_word' id='word_1_177' title='bbox 495 3200 576 3254; x_wconf 90' lang='lat' dir='ltr'><strong>eam,</strong></span> <span class='ocrx_word' id='word_1_178' title='bbox 599 3178 776 3262; x_wconf 89' lang='lat' dir='ltr'><strong>impietatis</strong></span> <span class='ocrx_word' id='word_1_179' title='bbox 797 3199 934 3240; x_wconf 89' lang='lat' dir='ltr'><strong>errorem</strong></span> <span class='ocrx_word' id='word_1_180' title='bbox 958 3176 1143 3251; x_wconf 88' lang='lat' dir='ltr'><strong>detestatus,</strong></span> <span class='ocrx_word' id='word_1_181' title='bbox 1166 3201 1185 3241; x_wconf 92' lang='lat' dir='ltr'><strong>a</strong></span> <span class='ocrx_word' id='word_1_182' title='bbox 1206 3178 1327 3264; x_wconf 90' lang='lat' dir='ltr'><strong>populo</strong></span> 
     </span>
     <span class='ocr_line' id='line_1_26' title="bbox 370 3279 1325 3345; baseline 0.002 -2"><span class='ocrx_word' id='word_1_183' title='bbox 370 3279 431 3343; x_wconf 92' lang='lat' dir='ltr'><strong>Dei</strong></span> <span class='ocrx_word' id='word_1_184' title='bbox 447 3279 656 3345; x_wconf 86' lang='lat' dir='ltr'><strong>exterminare</strong></span> <span class='ocrx_word' id='word_1_185' title='bbox 671 3282 841 3344; x_wconf 87' lang='lat' dir='ltr'><strong>curaverit.</strong></span> <span class='ocrx_word' id='word_1_186' title='bbox 886 3282 1046 3344; x_wconf 87' lang='lat' dir='ltr'><strong>Praeterea</strong></span> <span class='ocrx_word' id='word_1_187' title='bbox 1066 3291 1194 3343; x_wconf 88' lang='lat' dir='ltr'><strong>sanctus</strong></span> <span class='ocrx_word' id='word_1_188' title='bbox 1210 3280 1325 3345; x_wconf 87' lang='lat' dir='ltr'><strong>Daniel</strong></span> 
     </span>
     <span class='ocr_line' id='line_1_27' title="bbox 372 3380 1326 3469; baseline 0.005 -26"><span class='ocrx_word' id='word_1_189' title='bbox 372 3380 553 3466; x_wconf 87' lang='lat' dir='ltr'><strong>disciplinas</strong></span> <span class='ocrx_word' id='word_1_190' title='bbox 571 3393 602 3447; x_wconf 89' lang='lat' dir='ltr'><strong>et</strong></span> <span class='ocrx_word' id='word_1_191' title='bbox 618 3381 804 3467; x_wconf 81' lang='lat' dir='ltr'><strong>sapientiam</strong></span> <span class='ocrx_word' id='word_1_192' title='bbox 825 3381 938 3447; x_wconf 91' lang='lat' dir='ltr'><strong>didicit</strong></span> <span class='ocrx_word' id='word_1_193' title='bbox 960 3381 1206 3457; x_wconf 80' lang='lat' dir='ltr'><strong>Chaldaeorum3</strong></span> <span class='ocrx_word' id='word_1_194' title='bbox 1237 3383 1326 3469; x_wconf 89' lang='lat' dir='ltr'><strong>quod</strong></span> 
     </span>
     <span class='ocr_line' id='line_1_28' title="bbox 372 3482 1328 3570; baseline 0.004 -25"><span class='ocrx_word' id='word_1_195' title='bbox 372 3482 486 3567; x_wconf 88' lang='lat' dir='ltr'><strong>utique</strong></span> <span class='ocrx_word' id='word_1_196' title='bbox 515 3494 641 3547; x_wconf 89' lang='lat' dir='ltr'><strong>sanctus</strong></span> <span class='ocrx_word' id='word_1_197' title='bbox 667 3484 716 3550; x_wconf 87' lang='lat' dir='ltr'><strong>rir</strong></span> <span class='ocrx_word' id='word_1_198' title='bbox 742 3506 806 3549; x_wconf 91' lang='lat' dir='ltr'><strong>non</strong></span> <span class='ocrx_word' id='word_1_199' title='bbox 829 3485 967 3565; x_wconf 81' lang='lat' dir='ltr'><strong>fecisset,</strong></span> <span class='ocrx_word' id='word_1_200' title='bbox 992 3482 1018 3548; x_wconf 91' lang='lat' dir='ltr'><strong>si</strong></span> <span class='ocrx_word' id='word_1_201' title='bbox 1044 3483 1210 3570; x_wconf 84' lang='lat' dir='ltr'><strong>gentilium</strong></span> <span class='ocrx_word' id='word_1_202' title='bbox 1234 3485 1328 3550; x_wconf 88' lang='lat' dir='ltr'><strong>disci-</strong></span> 
     </span>
     <span class='ocr_line' id='line_1_29' title="bbox 370 3580 1325 3676; baseline 0.01 -33"><span class='ocrx_word' id='word_1_203' title='bbox 370 3580 465 3676; x_wconf 82' lang='lat' dir='ltr'><strong>plinis</strong></span> <span class='ocrx_word' id='word_1_204' title='bbox 479 3581 603 3657; x_wconf 88' lang='lat' dir='ltr'><strong>instrui,</strong></span> <span class='ocrx_word' id='word_1_205' title='bbox 621 3583 807 3649; x_wconf 88' lang='lat' dir='ltr'><strong>credidisset</strong></span> <span class='ocrx_word' id='word_1_206' title='bbox 822 3585 961 3670; x_wconf 83' lang='lat' dir='ltr'><strong>peccatis</strong></span> <span class='ocrx_word' id='word_1_207' title='bbox 975 3584 1230 3652; x_wconf 89' lang='lat' dir='ltr'><strong>adscribendum.</strong></span> <span class='ocrx_word' id='word_1_208' title='bbox 1257 3589 1325 3653; x_wconf 87' lang='lat' dir='ltr'><strong>Ha·</strong></span> 
     </span>
     <span class='ocr_line' id='line_1_30' title="bbox 369 3683 1327 3774; baseline 0.009 -27"><span class='ocrx_word' id='word_1_209' title='bbox 369 3683 505 3770; x_wconf 91' lang='lat' dir='ltr'><strong>buitque</strong></span> <span class='ocrx_word' id='word_1_210' title='bbox 526 3684 714 3750; x_wconf 89' lang='lat' dir='ltr'><strong>eruditionis</strong></span> <span class='ocrx_word' id='word_1_211' title='bbox 737 3686 917 3771; x_wconf 72' lang='lat' dir='ltr'><strong>particiPeS,</strong></span> <span class='ocrx_word' id='word_1_212' title='bbox 939 3710 1020 3771; x_wconf 92' lang='lat' dir='ltr'><strong>quos</strong></span> <span class='ocrx_word' id='word_1_213' title='bbox 1041 3686 1120 3772; x_wconf 87' lang='lat' dir='ltr'><strong>legis</strong></span> <span class='ocrx_word' id='word_1_214' title='bbox 1140 3701 1173 3752; x_wconf 89' lang='lat' dir='ltr'><strong>et</strong></span> <span class='ocrx_word' id='word_1_215' title='bbox 1192 3689 1327 3774; x_wconf 82' lang='lat' dir='ltr'><strong>justitiae</strong></span> 
     </span>
     <span class='ocr_line' id='line_1_31' title="bbox 370 3787 1327 3872; baseline 0.005 -21"><span class='ocrx_word' id='word_1_216' title='bbox 370 3787 431 3851; x_wconf 91' lang='lat' dir='ltr'><strong>Dei</strong></span> <span class='ocrx_word' id='word_1_217' title='bbox 459 3810 491 3851; x_wconf 91' lang='lat' dir='ltr'><strong>se</strong></span> <span class='ocrx_word' id='word_1_218' title='bbox 521 3788 682 3872; x_wconf 87' lang='lat' dir='ltr'><strong>gaudebat</strong></span> <span class='ocrx_word' id='word_1_219' title='bbox 713 3787 829 3853; x_wconf 89' lang='lat' dir='ltr'><strong>habere</strong></span> <span class='ocrx_word' id='word_1_220' title='bbox 855 3802 1022 3853; x_wconf 90' lang='lat' dir='ltr'><strong>consortes.</strong></span> <span class='ocrx_word' id='word_1_221' title='bbox 1080 3790 1185 3855; x_wconf 87' lang='lat' dir='ltr'><strong>Simul</strong></span> <span class='ocrx_word' id='word_1_222' title='bbox 1211 3792 1327 3856; x_wconf 90' lang='lat' dir='ltr'><strong>etenim</strong></span> 
     </span>
     <span class='ocr_line' id='line_1_32' title="bbox 368 3890 1328 3980; baseline 0.006 -27"><span class='ocrx_word' id='word_1_223' title='bbox 368 3890 534 3956; x_wconf 87' lang='lat' dir='ltr'><strong>discebant</strong></span> <span class='ocrx_word' id='word_1_224' title='bbox 556 3890 708 3965; x_wconf 90' lang='lat' dir='ltr'><strong>Ananias,</strong></span> <span class='ocrx_word' id='word_1_225' title='bbox 725 3891 867 3969; x_wconf 84' lang='lat' dir='ltr'><strong>Azarias,</strong></span> <span class='ocrx_word' id='word_1_226' title='bbox 883 3892 1009 3969; x_wconf 91' lang='lat' dir='ltr'><strong>Misael‚</strong></span> <span class='ocrx_word' id='word_1_227' title='bbox 1026 3892 1181 3979; x_wconf 90' lang='lat' dir='ltr'><strong>quicquid</strong></span> <span class='ocrx_word' id='word_1_228' title='bbox 1203 3904 1328 3980; x_wconf 87' lang='lat' dir='ltr'><strong>poterat</strong></span> 
     </span>
     <span class='ocr_line' id='line_1_33' title="bbox 367 3990 1327 4081; baseline 0.007 -27"><span class='ocrx_word' id='word_1_229' title='bbox 367 3990 478 4056; x_wconf 90' lang='lat' dir='ltr'><strong>docere</strong></span> <span class='ocrx_word' id='word_1_230' title='bbox 510 3991 703 4058; x_wconf 78' lang='lat' dir='ltr'><strong>Chaldaeus:</strong></span> <span class='ocrx_word' id='word_1_231' title='bbox 744 3992 836 4057; x_wconf 90' lang='lat' dir='ltr'><strong>simul</strong></span> <span class='ocrx_word' id='word_1_232' title='bbox 867 4017 887 4057; x_wconf 87' lang='lat' dir='ltr'><strong>a</strong></span> <span class='ocrx_word' id='word_1_233' title='bbox 916 4017 1024 4058; x_wconf 89' lang='lat' dir='ltr'><strong>mensa</strong></span> <span class='ocrx_word' id='word_1_234' title='bbox 1052 4005 1084 4058; x_wconf 93' lang='lat' dir='ltr'><strong>et</strong></span> <span class='ocrx_word' id='word_1_235' title='bbox 1118 4017 1138 4057; x_wconf 85' lang='lat' dir='ltr'><strong>a</strong></span> <span class='ocrx_word' id='word_1_236' title='bbox 1166 3997 1327 4081; x_wconf 90' lang='lat' dir='ltr'><strong>regalibus</strong></span> 
     </span>
     <span class='ocr_line' id='line_1_34' title="bbox 369 4095 1326 4185; baseline 0.008 -28"><span class='ocrx_word' id='word_1_237' title='bbox 369 4095 471 4180; x_wconf 89' lang='lat' dir='ltr'><strong>epulis</strong></span> <span class='ocrx_word' id='word_1_238' title='bbox 489 4095 701 4171; x_wconf 89' lang='lat' dir='ltr'><strong>abstinebant,</strong></span> <span class='ocrx_word' id='word_1_239' title='bbox 719 4096 807 4181; x_wconf 91' lang='lat' dir='ltr'><strong>quod</strong></span> <span class='ocrx_word' id='word_1_240' title='bbox 829 4096 1004 4182; x_wconf 90' lang='lat' dir='ltr'><strong>inspirabat</strong></span> <span class='ocrx_word' id='word_1_241' title='bbox 1027 4097 1129 4163; x_wconf 82' lang='lat' dir='ltr'><strong>Deus.</strong></span> <span class='ocrx_word' id='word_1_242' title='bbox 1174 4099 1326 4185; x_wconf 87' lang='lat' dir='ltr'><strong>Acceptis</strong></span> 
     </span>
     <span class='ocr_line' id='line_1_35' title="bbox 370 4195 1325 4281; baseline 0.008 -24"><span class='ocrx_word' id='word_1_243' title='bbox 370 4195 583 4279; x_wconf 84' lang='lat' dir='ltr'><strong>leguminibus</strong></span> <span class='ocrx_word' id='word_1_244' title='bbox 619 4197 738 4281; x_wconf 92' lang='lat' dir='ltr'><strong>pariter</strong></span> <span class='ocrx_word' id='word_1_245' title='bbox 772 4198 1006 4275; x_wconf 84' lang='lat' dir='ltr'><strong>reficiebantur,</strong></span> <span class='ocrx_word' id='word_1_246' title='bbox 1037 4197 1154 4262; x_wconf 90' lang='lat' dir='ltr'><strong>eisdem</strong></span> <span class='ocrx_word' id='word_1_247' title='bbox 1184 4201 1325 4265; x_wconf 88' lang='lat' dir='ltr'><strong>contenti</strong></span> 
     </span>
     <span class='ocr_line' id='line_1_36' title="bbox 370 4299 1326 4386; baseline 0 -23"><span class='ocrx_word' id='word_1_248' title='bbox 370 4313 460 4365; x_wconf 85' lang='lat' dir='ltr'><strong>erant</strong></span> <span class='ocrx_word' id='word_1_249' title='bbox 483 4299 605 4365; x_wconf 87' lang='lat' dir='ltr'><strong>militiae</strong></span> <span class='ocrx_word' id='word_1_250' title='bbox 621 4323 687 4365; x_wconf 87' lang='lat' dir='ltr'><strong>suae</strong></span> <span class='ocrx_word' id='word_1_251' title='bbox 711 4300 887 4386; x_wconf 88' lang='lat' dir='ltr'><strong>stipendiis,</strong></span> <span class='ocrx_word' id='word_1_252' title='bbox 903 4300 969 4385; x_wconf 88' lang='lat' dir='ltr'><strong>regi</strong></span> <span class='ocrx_word' id='word_1_253' title='bbox 993 4322 1056 4362; x_wconf 92' lang='lat' dir='ltr'><strong>una</strong></span> <span class='ocrx_word' id='word_1_254' title='bbox 1078 4299 1326 4365; x_wconf 82' lang='lat' dir='ltr'><strong>famulabantur.</strong></span> 
     </span>
    </p>
   </div>
   <div class='ocr_carea' id='block_1_5' title="bbox 0 0 1699 5234">
    <p class='ocr_par' dir='ltr' id='par_1_5' title="bbox 0 0 1699 5234">
     <span class='ocr_line' id='line_1_37' title="bbox 0 0 1699 5234; baseline 0 0"><span class='ocrx_word' id='word_1_255' title='bbox 0 0 1699 5234; x_wconf 95' lang='lat' dir='ltr'><strong> </strong></span> 
     </span>
    </p>
   </div>
  </div>
 </body>
</html>
