3384 5234
432 680 495 741 118
687 687 821 742 rosums
837 693 1112 740 sssssuumausrs
1244 675 1328 755 [sm.
1345 695 1384 739 11.

432 845 578 931 quamvis
592 868 654 909 non
670 846 971 933 praedestinatiesse
985 844 1117 932 possint,
1127 844 1246 931 poterit
1260 844 1384 931 aliquid

430 948 518 1033 quod
541 948 740 1033 praeteritum
761 948 813 1027 sit,
829 963 869 1037 ne
890 946 1079 1033 praeterierit
1099 947 1251 1011 revocari.
1296 951 1386 1012 Nota

430 1048 586 1134 siquidem
601 1049 897 1134 praedestinationis,
912 1072 1104 1135 quocunque
1119 1048 1208 1112 verbi
1222 1071 1296 1113 casu
1312 1061 1385 1113 uta·
1448 1080 1451 1084 ·

429 1149 482 1226 ris,
505 1162 661 1235 quantum
688 1149 720 1214 iu
744 1173 783 1215 eo
806 1163 865 1226 est,
889 1151 1038 1216 futurum
1062 1173 1160 1236 quam
1184 1150 1383 1237 praeteritum

428 1250 536 1334 potius
559 1250 674 1337 signat,
690 1264 723 1315 et
745 1273 816 1316 eum
839 1251 881 1315 de
903 1275 969 1336 quo
990 1251 1119 1328 dicitur,
1141 1251 1203 1314 nisi
1220 1251 1287 1336 jam
1314 1250 1384 1314 fore

429 1352 575 1430 evaserit,
595 1351 714 1416 indicat
737 1374 805 1417 esse
828 1351 1027 1416 salvandum.
1064 1352 1125 1415 Est
1148 1351 1243 1426 euim,
1260 1362 1296 1415 ut
1317 1349 1382 1415 dici

429 1453 522 1530 solet,
534 1454 666 1519 verbum
679 1440 878 1531 facundum,
888 1465 918 1517 et
931 1456 964 1517 in
977 1476 1009 1517 se
1021 1476 1145 1539 semper
1153 1452 1242 1517 verbi
1251 1452 1383 1517 alterius

427 1555 669 1640 intelligentiam
693 1545 845 1621 claudias
869 1560 942 1621 Non
965 1557 1076 1643 itaque
1097 1569 1220 1620 motum
1242 1554 1380 1641 aliquem

426 1656 645 1740 praedestinati
659 1658 785 1741 ingerit,
796 1656 856 1720 sed
863 1656 959 1742 ei‘qui
972 1657 1143 1721 salvandus
1153 1656 1382 1741 est,primitiva

427 1756 625 1843 disponentis
647 1759 707 1821 Dei
729 1757 842 1841 gratia,
859 1768 968 1843 patere
988 1758 1099 1822 asserit
1119 1758 1235 1823 ostium
1257 1756 1382 1831 salutis,

426 1870 457 1921 et
469 1859 601 1943 januam
615 1858 847 1935 misericordiae,
858 1881 920 1944 qua
933 1857 1122 1943 procedente
1131 1873 1273 1943 tempore
1282 1856 1382 1943 possit

425 1957 552 2037 salvari,
578 1958 642 2020 imo
667 1959 857 2037 salvabitur,
883 1957 955 2024 licet
982 1959 1080 2043 possit
1110 1971 1142 2023 et
1168 1981 1230 2022 nou
1255 1959 1381 2023 salvari.

425 2061 494 2121 Nee
520 2058 596 2120 mihi
623 2057 704 2121 illud
731 2057 913 2123 Aristotelis
940 2062 987 2122 tui
1012 2060 1155 2143 objicias,
1182 2059 1258 2144 quia
1282 2060 1381 2124 fuisse

425 2156 513 2242 quod
533 2158 608 2236 luit,
623 2170 655 2223 ct
676 2180 742 2220 esse
765 2156 850 2241 quod
866 2169 924 2233 est,
941 2158 1091 2242 quoniam
1111 2173 1171 2235 est,
1186 2181 1311 2222 necesse
1330 2174 1378 2225 est

424 2273 462 2321 ut
491 2257 622 2343 colligas
655 2257 903 2339 enunciatioues,
932 2280 1008 2343 quae
1037 2260 1192 2345 praeteriti
1226 2261 1380 2344 temporis

424 2357 544 2423 habent
558 2362 717 2447 copulam,
732 2380 821 2421 veras
835 2381 903 2424 esse
923 2359 1064 2444 praecise,
1079 2359 1129 2423 vel
1145 2362 1275 2444 praecise
1289 2373 1322 2424 et
1337 2384 1377 2424 ex

423 2463 608 2526 necessitate
637 2460 741 2528 falsas.
787 2459 922 2524 Minime
949 2482 1087 2546 namque
1116 2461 1175 2524 hac
1200 2462 1378 2547 objectione

419 2562 595 2648 juvaberis,
613 2585 715 2650 quum
727 2575 760 2627 et
772 2562 840 2648 ipsa
855 2561 1035 2627 Aristotelis
1050 2562 1146 2626 verba
1156 2562 1275 2626 faciant
1290 2586 1379 2647 quae-

422 2666 567 2741 ationem,
582 2677 615 2729 et
633 2664 767 2729 articulo
780 2663 983 2728 discutiendo
1004 2663 1140 2739 nullum,
1161 2676 1218 2729 aut
1239 2686 1376 2748 parvum
1416 2715 1419 2719 .

422 2764 525 2831 ferant
555 2766 755 2851 suffragium.
808 2765 945 2849 Regulae
975 2765 1133 2852 siquidem
1162 2765 1377 2846 integritatem

424 2868 616 2934 subvertunt
637 2867 884 2948 enunciatioues,
904 2891 977 2953 quae
999 2867 1171 2953 praeteritis
1190 2867 1255 2932 vim
1273 2867 1376 2933 futuri

423 2970 637 3053 contingentis
650 2970 851 3055 adjungunt3
878 2984 959 3055 puta
976 2992 1084 3034 verum
1100 2970 1164 3035 fuit
1179 2969 1248 3034 beri
1263 2983 1294 3034 te
1308 2992 1377 3033 cras

422 3093 489 3134 esse
510 3072 680 3152 lecturum,
695 3085 749 3137 aut
773 3083 804 3135 te
820 3070 911 3138 Plato
934 3072 1129 3158 quandoque
1151 3070 1243 3135 scivit
1259 3070 1375 3134 dormi-

425 3185 545 3240 turum.
590 3178 627 3238 ln
655 3174 773 3258 quibus
795 3196 833 3236 ex
859 3174 1065 3259 adjunctione
1088 3172 1202 3252 futuri,
1224 3170 1377 3259 preteriti

425 3276 576 3360 temporis
602 3275 727 3337 vacillat
754 3273 843 3338 fides.
889 3276 978 3337 Dum
1003 3279 1087 3340 enim
1113 3288 1148 3338 tu
1172 3276 1292 3359 poteris
1312 3293 1375 3336 nou

423 3375 572 3449 dormire,
595 3389 625 3438 et
652 3376 712 3438 boc
737 3372 829 3436 Plato
852 3374 970 3457 poterit
995 3377 1172 3450 nescivisse,
1198 3398 1262 3439 non
1287 3374 1375 3461 quod

422 3488 539 3550 motus,
555 3475 611 3558 qui
634 3474 788 3537 inanima
809 3474 880 3557 ejus
899 3473 974 3550 fuit,
990 3497 1052 3538 uon
1074 3475 1172 3539 fuisse
1194 3477 1305 3563 possit,
1320 3475 1374 3539 sed

422 3574 510 3658 quod
534 3597 606 3658 quae
628 3573 691 3637 suit
713 3574 853 3648 scientia,
875 3573 1087 3639 mutabilitate
1109 3597 1226 3656 rerum,
1240 3591 1273 3641 et
1295 3590 1376 3641 tem·

421 3674 507 3761 poris
522 3675 644 3738 lubrico
659 3674 689 3737 in
703 3676 884 3759 opinionem
900 3675 1018 3757 poterit
1030 3674 1186 3739 devocari.
1218 3675 1252 3739 si
1268 3688 1372 3739 tamen

389 3787 393 3794 ’
420 3775 672 3860 contingentium
699 3775 883 3838 futurorum
913 3774 980 3838 ulla
1007 3787 1111 3859 potest
1139 3797 1205 3837 esse
1235 3774 1375 3857 scientia,
1485 3786 1489 3792 ’

422 3881 568 3963 quamvis
590 3876 628 3940 sit
645 3875 824 3939 indubitata
846 3874 964 3960 opinio,
979 3898 1054 3961 quae
1075 3874 1237 3939 scientiam
1260 3877 1374 3961 proba.

421 3978 528 4044 biliter
549 3978 710 4043 imitatur:
738 3977 814 4041 item
836 3976 924 4061 quod
947 3977 1015 4040 heri
1037 3989 1151 4041 'verum
1172 3977 1271 4041 luisse
1293 4001 1375 4062 prae-

420 4082 571 4160 diximus,
582 4103 644 4143 non
660 4080 758 4145 fuisse
773 4079 891 4164 poterit
908 4100 1030 4155 verum,
1045 4101 1107 4142 nou
1123 4071 1209 4164 qood
1227 4101 1275 4143 res
1290 4102 1372 4165 prae-

419 4183 513 4247 terita
528 4193 704 4256 revocetur,
721 4203 794 4266 quae
813 4178 844 4245 in
862 4202 899 4241 eo
922 4180 1008 4243 nulla
1023 4180 1188 4265 praeteriit,
1205 4180 1259 4243 sed
1282 4180 1370 4264 quod

419 4306 468 4347 res
478 4283 587 4348 futura
597 4293 813 4368 exspectatur,
823 4302 898 4364 quae
907 4281 948 4344 ab
958 4279 1080 4344 insidiis
1091 4280 1228 4344 fortunae
1240 4281 1369 4367 pendet,
