3384 5234
346 680 417 726 cnr.
433 662 525 741 xnn]
702 677 957 724 ronrcnrrrous.
1238 667 1301 725 207

346 830 495 911 scribens,
511 829 615 894 rerbis
639 829 837 893 manifestius
858 828 1061 914 expressisset
1081 827 1199 901 dicens,
1223 829 1301 913 quia

345 930 471 996 feminae
484 953 595 995 eorum
608 930 859 995 immutaverunt
875 931 1051 995 naturalem
1069 953 1174 1007 usum,
1184 929 1215 992 in
1227 953 1300 994 eum

347 1034 403 1120 qui
426 1048 475 1100 est
496 1050 605 1099 contra
626 1046 784 1110 naturam,
809 1046 839 1097 et
863 1032 1009 1113 masculi,
1030 1032 1141 1097 relicto
1163 1032 1302 1098 naturali

347 1160 407 1201 usu
422 1137 560 1215 feminae,
575 1148 761 1199 exarserunt
786 1136 817 1197 in
839 1134 1003 1199 desideriis
1024 1135 1090 1199 suis
1105 1136 1138 1197 in
1154 1134 1303 1211 invicem,

270 1243 284 1266 ⁸
346 1238 475 1303 masculi
498 1240 530 1301 in
554 1236 710 1301 masculos
734 1237 968 1321 turpitudinem
991 1250 1171 1324 operantes,
1189 1249 1225 1301 ut
1247 1236 1302 1300 da-

347 1353 458 1404 rentur
473 1341 505 1403 in
522 1361 649 1405 sensum
662 1339 846 1423 reprobum,
856 1338 1061 1425 facerentque
1072 1338 1160 1424 quod
1176 1338 1305 1402 minime

349 1441 562 1519 convenirent,
577 1454 609 1505 et
626 1441 712 1505 vitiis
727 1439 882 1504 universis
897 1440 1038 1520 obnoxii,
1054 1441 1304 1525 indignationem

351 1544 424 1620 Dei,
440 1556 471 1607 et
486 1543 627 1607 omnium
649 1562 815 1627 poenarum
836 1543 869 1603 in
892 1564 924 1604 se
945 1541 1071 1604 aculeos
1086 1553 1305 1626 provocarent.

354 1644 400 1706 Et
424 1655 501 1706 tunc
527 1641 657 1727 quidem
683 1641 714 1704 in
740 1640 873 1705 auribus
899 1641 1115 1706 Romanorum
1143 1640 1203 1704 hoc
1227 1641 1307 1706 tuba

354 1744 541 1830 Apostolica
565 1743 794 1820 conclamabat,
818 1742 946 1829 quando
968 1742 1173 1829 impiissimus
1198 1744 1303 1830 Impe-

352 1860 440 1911 rator
451 1844 692 1925 Nero,luxuriae
702 1845 872 1923 sarientis,
882 1868 1016 1932 puerum
1030 1849 1180 1931 Sporum,
1190 1846 1308 1911 exectis

354 1948 508 2013 testiculis
524 1947 554 2010 in
571 1948 756 2012 muliebrem
771 1961 918 2012 naturam
937 1947 1160 2011 transformare
1174 1960 1307 2012 conatus

353 2063 409 2115 est.
455 2050 510 2114 Ab
533 2071 572 2113 eo
596 2063 738 2135 tempore
761 2050 965 2137 proverbium
991 2063 1101 2114 natum
1127 2062 1193 2113 est:
1226 2049 1310 2127 Quia

353 2176 431 2218 usus
445 2153 655 2217 formosorum
677 2151 789 2217 abusio
810 2164 869 2228 est,
886 2165 917 2214 et
940 2151 1040 2215 illud:
1066 2152 1192 2215 Formae
1206 2150 1310 2236 gratia

354 2279 391 2320 eo
405 2259 513 2320 minus
528 2267 620 2342 grata
637 2255 773 2342 sapienti
788 2267 847 2336 est,
862 2277 928 2339 quo
947 2257 1111 2339 corruptio
1125 2266 1173 2318 est
1188 2254 1311 2339 gratior

355 2358 543 2444 corruptori.
575 2357 748 2421 Difficilius
758 2356 875 2421 etenim
891 2355 931 2419 ab
943 2356 1076 2419 infirmis
1089 2355 1309 2420 defensoribus

355 2459 545 2538 custoditur,
578 2460 666 2544 quod
703 2457 812 2543 plures
840 2467 1009 2541 appetunt.
1065 2455 1151 2519 lllnd
1183 2456 1313 2519 incauto

355 2559 479 2624 facilius
510 2559 639 2645 surripit
667 2557 903 2635 fraudulentus,
931 2569 987 2621 aut
1013 2556 1115 2619 invito
1145 2555 1310 2640 pudicitiae

356 2658 467 2744 praedo
484 2658 644 2723 violentus
668 2670 851 2743 extorquet.
900 2661 929 2722 A
952 2656 1099 2741 patribus
1119 2669 1224 2719 tamen
1246 2656 1312 2740 pri·

357 2761 430 2824 dem
446 2760 616 2824 diffinitum
638 2773 697 2837 est,
713 2760 791 2847 quia
811 2758 967 2846 pudicitia
982 2757 1101 2822 auferri
1117 2779 1178 2820 non
1194 2768 1312 2842 potest,

359 2861 418 2925 nisi
447 2861 561 2925 mentis
589 2862 752 2946 corruptio
787 2860 962 2926 antecedat.
1024 2860 1117 2937 Quod
1149 2860 1245 2936 enirn,
1276 2871 1313 2923 ut

358 2983 494 3046 magnus
517 2961 627 3027 asserit
648 2961 859 3047 Augustinus,
874 2983 936 3024 non
961 2958 1159 3047 praecedente
1181 2958 1314 3023 libidine

359 3062 512 3128 violenter
535 3062 658 3148 patitur
680 3084 808 3147 corpus,
824 3062 952 3125 vexatio
973 3060 1082 3147 potius
1104 3060 1239 3125 dicenda
1253 3073 1313 3137 est,

359 3188 453 3250 quam
477 3164 650 3249 corruptio.
698 3163 750 3227 Ibi
774 3185 851 3247 ergo
878 3162 995 3225 servari
1019 3160 1175 3246 pudicitia
1197 3173 1316 3248 potest,

359 3267 417 3330 ubi
442 3266 541 3337 nulla,
569 3264 629 3328 nisi
653 3263 836 3329 voluntaria
862 3287 928 3327 esse
955 3274 1060 3348 potest
1084 3262 1259 3350 corruptio,
1282 3263 1316 3327 in

362 3366 478 3432 mentis
489 3365 604 3430 scilicet
617 3366 812 3451 integritate,
822 3365 877 3430 ubi
890 3366 920 3428 in
932 3378 1085 3429 aeternum
1097 3364 1213 3428 serrari
1225 3365 1319 3451 pudi-

362 3465 438 3532 citia
452 3479 567 3553 potest.
614 3468 681 3531 Nec
693 3490 843 3553 magnum
860 3480 907 3531 est
923 3467 1078 3551 integram
1095 3488 1164 3531 esse
1179 3489 1318 3545 carnem,

363 3570 421 3633 ubi
445 3589 533 3631 mens
563 3580 644 3632 tetra
670 3569 876 3655 corruptione
900 3567 1066 3654 polluitur.
1110 3573 1153 3632 At
1178 3590 1263 3632 nunc
1290 3569 1316 3634 si

362 3669 512 3755 deceptor
532 3691 650 3745 amans,
666 3683 720 3735 aut
737 3670 895 3734 violentus
915 3671 1015 3748 abest,
1036 3668 1081 3733 ita
1102 3668 1184 3733 male
1198 3693 1218 3734 a
1233 3683 1318 3736 tene·

364 3771 439 3835 riori
455 3783 549 3835 aetate
564 3770 777 3834 instituuntur
792 3769 1016 3844 adolescentes,
1031 3782 1067 3833 ut
1083 3770 1183 3835 oculis
1198 3768 1321 3834 lascivi-

363 3872 501 3954 entibus,
515 3882 597 3934 nutu
621 3870 725 3947 faciei,
748 3870 891 3956 corporis
913 3885 1005 3955 gestu
1030 3872 1208 3956 habituque
1231 3885 1318 3936 exte-

364 3974 450 4055 riori,
476 3987 508 4038 et
533 3973 698 4050 lenocinio,
722 3972 777 4035 rix
807 3971 886 4058 ipsis
912 3973 1131 4038 meretricibus
1160 3969 1317 4043 concesso}

368 4075 537 4140 sollicitent
565 4087 778 4160 corruptores,
809 4085 841 4137 et
872 4072 978 4158 legum
1009 4097 1081 4159 qum
1111 4074 1144 4136 in
1174 4097 1227 4138 eos
1251 4076 1319 4160 jam

367 4176 514 4260 plurimae
537 4174 611 4238 latae
634 4186 719 4253 sunt,
739 4171 860 4235 nullam
885 4172 1022 4235 habeant
1043 4172 1248 4236 reverentiam
1270 4171 1321 4234 rel

370 4275 526 4357 timorem,
550 4276 623 4339 licet
648 4275 682 4338 in
712 4296 765 4337 eos
791 4271 977 4356 gravissime
1006 4270 1321 4336 animadvertendum
