3384 5234
364 693 432 739 osa.
448 677 496 756 x.]
711 694 964 740 rotrcnsrrcus.
1250 683 1314 741 ‘249

362 868 507 910 excessus
529 844 631 908 omnis
652 844 683 908 in
710 845 827 933 culpa3
861 846 1081 931 bonarumque
1107 867 1215 911 rerum
1238 870 1312 911 cou-

363 935 500 1012 suetudo
515 947 624 1024 nimia,
640 948 775 1032 pessima
789 961 846 1012 est.
893 946 990 1010 Unde
1006 946 1161 1012 Ethicus:
1274 966 1276 971 '

468 1074 560 1127 Insani
571 1073 676 1144 sapiens
687 1088 781 1124 nomen
793 1070 868 1136 feret,
879 1087 970 1139 aequus
981 1072 1079 1140 iniqui;

469 1161 548 1214 Ultra
558 1176 636 1228 qnam
647 1159 712 1211 satis
723 1163 773 1224 est,
785 1159 908 1211 virtutem
918 1158 941 1210 si
952 1163 1025 1228 petet
1035 1158 1127 1229 ipsam.

363 1276 407 1337 Et
425 1272 656 1358 Philosophus:
681 1272 768 1336 Cave
783 1270 872 1356 quod
887 1283 935 1335 est
951 1270 1096 1350 nimium,
1111 1272 1190 1359 quia
1204 1274 1229 1338 si
1245 1275 1312 1340 baec

364 1377 434 1463 ipsa
463 1372 587 1439 cautela
616 1372 802 1436 modestiam
828 1371 957 1448 deserit,
981 1395 1019 1436 eo
1047 1374 1118 1459 ipso
1142 1397 1161 1437 a
1187 1377 1314 1443 tramite

365 1475 507 1549 virtutis,
534 1474 659 1539 incaute
689 1472 816 1539 recedit.
868 1472 1014 1538 Salomon
1044 1498 1191 1562 quoque:
1228 1478 1313 1557 Noli,

365 1576 482 1663 inquit,
498 1598 564 1641 esse
578 1576 672 1639 nimis
681 1576 801 1662 justus.
832 1574 921 1649 Quid
935 1596 1013 1659 ergo
1026 1574 1158 1641 nimium
1174 1579 1314 1665 prodest,

367 1678 393 1741 si
416 1679 526 1763 regina
547 1678 704 1742 virtutum
725 1676 867 1764 justitia,
889 1676 920 1739 in
944 1675 993 1740 sui
1015 1678 1179 1744 nimietate
1199 1679 1313 1746 obest?

366 1780 452 1845 Alibi
464 1803 607 1866 quoque:
627 1779 733 1845 Nimia
743 1778 1059 1858 humilitas‚maxima
1071 1803 1145 1864 pars
1157 1783 1314 1868 superbiae

366 1895 423 1945 est.
463 1880 511 1945 Ad
528 1881 685 1945 sinistram
701 1878 858 1943 declinare
873 1892 931 1953 est,
943 1901 1000 1965 per
1014 1880 1153 1965 abrupta
1164 1881 1315 1948 vitiorum

366 2005 385 2045 a
401 1981 450 2046 via
463 1982 618 2047 virtutum
634 1979 791 2045 declinare
802 1981 850 2043 vel
862 1979 998 2044 deviare.
1029 1981 1124 2061 Item,
1135 1981 1316 2049 deflectitur

366 2085 406 2149 ad
423 2084 592 2162 sinistram,
608 2084 664 2170 qni
685 2083 717 2146 iu
739 2083 955 2169 subjectorum
971 2082 1074 2169 culpis
1088 2082 1182 2149 nimis
1195 2106 1316 2171 pronus

367 2186 470 2252 estad
487 2186 670 2262 vindictam,
686 2184 773 2249 etad
789 2184 934 2248 dextram
949 2207 1092 2270 gressum
1108 2197 1248 2272 torquet,
1258 2190 1316 2274 qui

366 2289 627 2375 delinquentibus
641 2311 681 2352 ex
697 2287 940 2351 mansuetudine
952 2286 1045 2351 nimis
1055 2287 1210 2375 indulget.
1250 2291 1318 2354 Iter

368 2404 475 2455 autem
498 2403 674 2475 utrumque
696 2388 825 2452 devium
847 2401 907 2466 est,
923 2388 977 2453 sed
992 2389 1079 2475 quod
1103 2388 1143 2452 ad
1159 2390 1316 2456 sinistram

368 2490 471 2577 vergit
487 2490 692 2577 perniciosius
707 2502 766 2554 est.

390 2757 470 2840 Cap.
490 2761 538 2819 10.
564 2755 650 2831 Quid
662 2756 818 2819 utilitatis
832 2754 872 2817 de
884 2754 1123 2833 cuttujosrttta
1134 2755 1299 2837 principes

720 2857 969 2934 consequuntur.

414 2989 483 3052 Suu
521 2985 671 3071 legitimae
706 2988 806 3074 hujus
839 2985 1049 3051 observantiae
1083 3008 1230 3070 quaenam
1261 2988 1321 3051 erit

372 3088 521 3154 utilitas?
558 3094 639 3155 Eam
671 3091 785 3176 utique
814 3089 1021 3175 propheticus
1046 3110 1147 3153 sermo
1175 3087 1323 3173 protinus

371 3191 493 3255 subdit.
539 3193 598 3258 Ait
613 3194 716 3257 enim:
741 3194 789 3257 Ut
804 3192 901 3279 longo
916 3206 1058 3278 tempore
1072 3202 1183 3275 regnet
1197 3189 1276 3277 ipse,
1290 3203 1322 3256 et

370 3292 456 3357 filius
470 3294 539 3377 ejus
554 3317 649 3381 super
665 3299 772 3360 lsrael.
817 3295 902 3358 Ecce
913 3315 1060 3380 quaenam
1076 3304 1174 3357 tantae
1189 3290 1323 3357 difficul-

372 3398 448 3459 tatis
463 3395 571 3461 t'utura
587 3399 627 3460 sit
643 3418 771 3471 merces,
788 3396 867 3460 dum
882 3418 981 3479 regna
995 3407 1127 3480 paterna
1140 3392 1213 3457 filiis
1227 3392 1323 3479 longo

372 3508 514 3582 tempore
534 3496 743 3583 protelantur.
790 3498 839 3561 De
856 3498 976 3562 virtute
994 3519 1132 3582 namque
1153 3508 1324 3582 parentum

371 3599 577 3685 protenditur
595 3599 751 3665 successio
772 3600 923 3674 filiorum,
946 3612 978 3663 et
1001 3597 1235 3663 succedentium
1257 3596 1325 3662 seli-

371 3700 460 3778 citas‚
476 3723 517 3765 ex
532 3699 752 3765 decedentium
774 3699 943 3787 iniquitate
958 3698 1195 3785 praescinditur.
1240 3697 1324 3762 Nam

374 3801 512 3887 Spiritus
537 3802 638 3867 sancti
664 3817 785 3867 certum
816 3815 863 3867 est
895 3800 1087 3879 testimonio,
1113 3800 1189 3886 quia
1212 3799 1324 3885 injusti

373 3900 564 3988 deperibunt
587 3905 693 3982 simul,
718 3920 751 3970 et
776 3904 919 3990 reliquiae
941 3904 1112 3989 impiorum
1137 3900 1324 3966 interibunt.

374 4004 466 4069 Salus
480 4020 586 4071 autem
602 4008 767 4091 justorum
782 4029 801 4070 a
816 4007 956 4071 Domino
970 4019 1028 4082 est,
1045 4007 1102 4090 qui
1117 4002 1257 4089 protegit
1271 4024 1325 4065 eos

372 4105 404 4168 in
422 4122 562 4193 tempore
577 4109 801 4174 tribulationis.
848 4108 910 4172 Sed
927 4130 1027 4194 quum
1049 4106 1210 4170 aeternitas
1225 4103 1325 4168 totius

375 4208 524 4289 temporis
539 4221 786 4295 quantacunque
803 4209 855 4284 sit,
869 4229 925 4293 per
941 4204 1151 4269 minutissima
1165 4212 1325 4266 momenta

374 4303 509 4383 deliciet,
531 4328 562 4371 et
585 4311 616 4372 in
638 4331 676 4373 eo
697 4322 765 4375 toto
786 4332 846 4374 non
869 4308 928 4372 nisi
948 4304 1119 4371 admodum
1140 4304 1236 4367 breve
1258 4324 1324 4365 mo·
