3384 5234
368 723 439 767 car.
455 704 541 783 xxa]
747 719 1000 765 roarcuarrcns.
1261 709 1321 767 109

366 869 526 947 futurum,
538 870 596 933 etsi
613 868 754 955 plerique
770 892 832 933 non
848 870 1001 955 recipiant
1013 870 1103 933 illum
1120 893 1211 956 posse
1226 872 1318 948 scire,

367 984 423 1035 aut
446 995 508 1034 non
531 993 622 1056 posse
645 974 725 1035 scire
747 974 808 1034 hoc
830 994 896 1033 esse
918 969 1077 1046 futurum,
1100 993 1140 1033 ne
1162 972 1190 1035 ei
1217 985 1322 1037 muta-

369 1073 501 1137 bilitatis
517 1072 772 1157 velimpotentiae
785 1085 890 1134 notam
907 1072 1033 1134 inurere
1050 1072 1224 1137 rideantur.
1256 1074 1319 1139 Sed

369 1189 437 1239 esto
452 1187 489 1239 ut
506 1179 605 1250 Deus,
622 1174 772 1259 qnoniam
792 1174 852 1235 boc
867 1173 1012 1257 plerique
1028 1174 1197 1258 recipiunt,
1213 1174 1324 1259 possit,

371 1276 447 1339 dum
466 1289 569 1339 tamen
587 1275 611 1337 si
626 1274 694 1337 fieri
716 1274 1009 1359 potestpositione,
1025 1289 1081 1337 aut
1101 1275 1322 1360 conjunctione

371 1400 433 1441 non
451 1399 570 1461 pecces,
587 1376 664 1438 scire
680 1375 766 1461 quod
782 1398 844 1438 non
867 1376 936 1450 scit,
953 1398 1015 1438 non
1036 1376 1077 1439 ob
1092 1377 1152 1440 hoc
1167 1399 1240 1440 eum
1255 1400 1322 1440 esse

372 1478 557 1541 mutabilem
574 1477 647 1560 quis
664 1476 833 1552 convincit,
848 1476 941 1559 cujus
957 1475 1098 1538 scientiae
1114 1498 1175 1538 non
1196 1476 1320 1540 decedit

372 1577 493 1664 aliquid
509 1575 559 1640 vel
574 1578 705 1655 accedit,
720 1598 821 1661 quum
838 1575 917 1640 illud
927 1574 1028 1638 solum
1044 1578 1076 1638 in
1090 1598 1194 1639 rerum
1208 1589 1324 1641 natura

376 1701 486 1742 verum
508 1701 574 1740 esse
594 1681 767 1760 contingat,
785 1676 870 1762 quod
894 1675 947 1738 ille
967 1676 1008 1738 ab
1028 1675 1119 1740 initio
1141 1676 1323 1742 stabilitatis

374 1804 441 1844 suae
466 1793 586 1864 puncto
615 1778 763 1863 praefixit.
818 1781 906 1841 Dum
935 1789 1039 1842 tamen
1071 1778 1129 1841 hoc
1159 1779 1322 1862 recipitur,

374 1882 570 1945 exactissima
591 1880 755 1965 diligentia
778 1878 1020 1965 praecavendum
1042 1892 1101 1957 est,
1118 1902 1157 1942 ne
1177 1881 1324 1964 cognatio

374 1984 539 2046 modorum
561 1982 649 2045 verbi
665 2003 758 2065 qnam
785 1980 977 2065 Apollonius
998 1979 1135 2057 inducit,
1150 1982 1324 2065 quicquam

374 2082 515 2169 perfidiae
545 2084 669 2165 ingerat
695 2092 750 2144 aut
781 2080 939 2143 falsitatis.
989 2083 1070 2143 Haec
1098 2083 1167 2165 ipsa
1196 2103 1325 2167 quoque

374 2183 566 2270 possibilitas
592 2180 766 2260 eveniendi,
792 2204 854 2243 non
885 2180 1008 2245 levitati
1039 2181 1149 2266 ipsius,
1175 2184 1232 2267 qui
1261 2205 1324 2246 non

376 2298 530 2359 movetur,
556 2283 610 2346 sed
638 2305 743 2346 rerum
767 2282 923 2356 facilitati,
947 2307 1021 2367 quae
1047 2298 1162 2348 natura
1187 2308 1250 2349 non
1277 2284 1324 2347 in-

375 2386 525 2469 dignante
555 2385 675 2448 moveri
700 2399 846 2468 possunt,
874 2385 1097 2448 convenienter
1122 2383 1324 2451 adscribitur.

375 2490 485 2550 Manet
505 2487 613 2571 itaque
634 2506 864 2569 usquequaque
886 2485 1056 2547 immobilis
1079 2487 1244 2569 integritas
1266 2486 1325 2550 sci·

376 2588 469 2651 eutiae
484 2587 556 2667 Dei,
572 2599 604 2651 et
625 2587 651 2649 si
673 2586 751 2671 quid
773 2585 935 2649 varietatis
954 2585 1049 2648 alicui
1069 2587 1162 2660 inest,
1179 2599 1325 2649 nontam

377 2689 502 2753 scientis
516 2712 612 2774 quam
637 2688 786 2751 scitorum
810 2687 1007 2751 mutabilitas
1028 2699 1084 2751 est.
1131 2686 1222 2750 Licet
1243 2689 1325 2751 eninr

377 2812 451 2873 quae
480 2788 609 2851 scientia
636 2787 698 2851 Dei
728 2788 963 2872 complectitur,
988 2786 1195 2851 mutabilitati
1221 2788 1328 2873 subja-

377 2903 479 2968 ceant,
502 2890 569 2972 ipsa
592 2901 695 2951 tamen
718 2888 914 2951 alterationis
938 2888 1020 2950 vices
1046 2888 1183 2972 ignorat,
1205 2901 1237 2952 et
1263 2910 1328 2951 uno

379 2991 531 3075 singulari
548 3003 676 3076 aspectu
691 3003 723 3054 et
743 2990 922 3067 individuo,
937 2989 1078 3051 omnium
1095 3012 1168 3073 quae
1183 2988 1256 3063 dici,
1273 3002 1330 3053 aut

378 3115 571 3178 quocunque
601 3114 694 3155 sensu
718 3091 893 3174 excogitari
920 3103 1066 3175 possunt,
1093 3090 1328 3154 universitatem

378 3194 510 3271 claudit,
532 3207 563 3257 et
585 3193 744 3257 continet:
776 3193 856 3255 adeo
876 3192 1004 3277 quidem
1029 3191 1094 3253 sine
1116 3204 1203 3256 motu
1228 3209 1264 3255 ut
1288 3192 1331 3254 lo-

378 3296 457 3358 calia
480 3298 545 3358 sine
569 3294 649 3371 locO,
669 3295 828 3357 nascentia
851 3294 917 3357 sine
938 3293 1039 3372 initio,
1059 3292 1243 3356 decedentia
1265 3294 1331 3357 sine

378 3397 451 3470 fine,
467 3395 655 3459 fluctuantia
671 3395 737 3459 sine
761 3395 960 3471 alteratione,
976 3394 1164 3478 temporalia
1179 3395 1245 3457 sine
1260 3418 1330 3458 mu·

381 3496 549 3570 tabilitate,
566 3507 597 3559 et
618 3519 715 3571 mora,
733 3496 775 3558 sic
799 3496 1001 3559 uniformiter
1020 3496 1330 3579 comprehendit,·ut

381 3595 409 3658 ei
438 3619 497 3658 nec
528 3596 691 3679 praeterita
722 3608 896 3671 transeant,
923 3618 980 3657 nec
1010 3596 1122 3658 futura
1151 3596 1331 3660 succedant.

380 3697 447 3759 Nec
468 3696 583 3759 mirum
608 3696 667 3758 boc
690 3696 721 3757 in
741 3696 929 3759 aeternitatis
950 3709 1050 3773 statu,
1067 3697 1125 3760 nisi
1149 3698 1224 3782 quia
1243 3699 1331 3783 quic-

379 3798 457 3882 quid
473 3798 519 3861 ibi
535 3811 592 3872 est,
610 3797 753 3859 mirabile
763 3808 821 3876 est,
831 3819 934 3881 quum
944 3810 975 3859 et
986 3797 1016 3859 in
1030 3799 1120 3861 nobis
1132 3798 1333 3863 mutabilium

379 3912 501 3962 motum
518 3911 550 3961 et
565 3896 785 3961 festinantium
809 3917 936 3959 cursum
957 3896 1156 3980 aliquatenus
1171 3897 1335 3981 quiescens

379 3997 625 4084 comprehendat
660 4010 817 4082 aspectus.
880 3997 1067 4061 Intellectus
1102 4021 1231 4082 quoque
1267 4019 1333 4060 rem

380 4122 525 4183 magnam
557 4098 623 4163 sine
653 4098 855 4171 distensione,
883 4110 914 4161 et
946 4097 1011 4162 sine
1040 4098 1255 4161 contractione
1285 4096 1334 4161 sui

380 4222 446 4262 rem
469 4200 624 4263 modicam
648 4198 894 4284 contemplatur,
915 4221 973 4261 nec
995 4197 1064 4262 loco
1086 4198 1208 4281 indiget
1231 4208 1268 4261 ut
1290 4201 1336 4259 lo-

383 4298 462 4363 calia
484 4298 625 4376 claudat,
648 4311 703 4362 aut
728 4297 902 4380 spatiorum
926 4296 1103 4386 interstitiis
1126 4309 1162 4359 ut
1185 4294 1337 4359 distantia
