3384 5234
314 709 388 753 cnr.
406 692 489 771 xia]
687 705 942 752 rotrcanmcus.
1205 690 1266 749 all

314 858 523 935 contumacia,
539 856 619 943 quid
636 858 706 937 tibi,
720 858 837 942 inquit,
856 870 891 921 ut
908 870 943 921 tu
958 855 1067 919 orbem
1084 857 1263 918 terrarum?

316 960 377 1023 Sed
393 960 469 1046 quia
483 960 516 1024 id
532 983 592 1045 ego
608 983 671 1024 uno
687 961 813 1043 navigio
834 959 928 1035 facio,
944 958 1026 1022 latro
1044 978 1155 1028 vocor;
1188 956 1265 1038 quia

314 1073 349 1125 tu
364 1083 479 1146 magna
495 1063 606 1143 classe,
616 1062 728 1127 diceris
740 1062 921 1146 imperator.
954 1060 987 1123 Si
1003 1058 1101 1139 solus,
1110 1070 1142 1122 et
1154 1065 1265 1142 captus

313 1162 353 1226 sit
370 1163 561 1243 Alexander,
575 1163 657 1229 latro
673 1164 742 1228 erit.
774 1163 807 1226 Si
822 1163 863 1226 ad
878 1174 989 1227 nutum
1008 1159 1137 1224 Dionidi
1153 1157 1265 1245 populi

313 1263 520 1341 famulentur,
543 1265 604 1328 erit
630 1262 786 1329 Dionides
813 1263 1002 1349 Imperator.
1047 1263 1128 1324 Nam
1158 1257 1265 1345 quoad

315 1387 441 1429 causam
457 1388 519 1429 non
535 1366 699 1442 differunt,
715 1365 774 1428 nisi
796 1364 874 1448 quia
889 1364 1027 1428 deterior
1047 1375 1094 1427 est
1110 1361 1165 1448 qui
1181 1362 1264 1445 rapit

314 1463 501 1550 improbius,
518 1467 575 1550 qui
593 1466 752 1551 justitiam
768 1465 923 1550 abjectius
945 1464 1073 1539 deserit,
1089 1462 1145 1548 qui
1166 1465 1265 1525 mani-

314 1565 428 1631 festius
452 1568 619 1653 impugnat
644 1567 738 1653 leges.
787 1570 876 1641 Quas
901 1566 984 1629 enim
1013 1588 1073 1651 ego
1101 1563 1203 1647 fugio,
1229 1575 1266 1625 tu

315 1669 525 1754 persequeris,
554 1692 613 1752 ego
647 1688 810 1753 utcunque
844 1690 985 1747 veneror,
1015 1679 1050 1731 tu
1084 1663 1266 1732 contemnis.

314 1771 372 1831 Me
395 1769 533 1833 fortunae
557 1770 718 1855 iniquitas,
742 1781 774 1833 et
801 1770 845 1833 rei
871 1768 1036 1832 familiaris
1057 1767 1213 1853 angustia,
1236 1780 1268 1831 te

316 1867 419 1934 fastus
430 1870 647 1948 intolerabilis,
659 1884 690 1935 et
701 1870 903 1955 inexplebilis
914 1869 1057 1950 avaritia,
1067 1870 1170 1933 furem
1180 1870 1268 1933 facit.

318 1972 353 2036 si
373 1971 504 2036 fortuna
525 1984 766 2048 mansuesceret,
782 1974 889 2036 fierem
912 1971 995 2035 forte
1009 1970 1128 2035 melior.
1173 1976 1217 2036 At
1232 1984 1269 2035 tu

318 2094 384 2156 qno
399 2072 603 2148 fortunatior,
619 2095 657 2135 eo
671 2074 806 2157 nequior
821 2072 893 2135 eris.
931 2072 1071 2136 Miratus
1086 2072 1271 2135 Alexander

317 2174 526 2239 constantiam
540 2175 676 2239 bominis
687 2198 760 2239 eum
773 2175 886 2239 merito
898 2178 1075 2259 arguentis:
1101 2176 1271 2261 Experiar,

317 2275 433 2361 inquit,
449 2299 488 2339 au
504 2277 636 2341 futurus
647 2277 688 2340 sis
704 2273 826 2354 melior,
837 2276 1066 2363 fortunamque
1081 2277 1222 2351 mutabo,
1235 2289 1271 2340 ut

315 2400 379 2441 non
409 2379 438 2442 ei
465 2402 484 2442 a
508 2379 605 2442 modo
630 2380 719 2465 quod
745 2379 929 2465 deliqueris,
955 2380 1010 2442 sed
1038 2380 1103 2443 tuis
1128 2378 1271 2444 moribus

318 2479 527 2545 adscribatur.
566 2481 653 2544 Eum
676 2480 785 2567 itaque
795 2480 892 2566 jussit
915 2479 1070 2543 conscribi
1086 2479 1219 2558 militiae,
1235 2491 1272 2542 ut

317 2593 424 2665 posset
439 2580 554 2644 exinde
578 2581 671 2645 salvis
687 2581 812 2666 legibus
835 2580 979 2645 militare.
1025 2578 1088 2642 Sed
1106 2601 1179 2642 nea
1199 2578 1273 2642 solis

321 2679 443 2743 Graecis
455 2692 641 2744 mutuemur
652 2681 863 2746 instrumenta
874 2682 1038 2744 virtutum.
1063 2677 1168 2763 Scipio
1184 2678 1273 2740 Afri-

319 2801 427 2855 canus,
439 2802 540 2865 quum
555 2804 627 2845 eum
643 2804 755 2867 parurn
774 2803 948 2869 pugnacem
965 2780 1094 2866 qnidam
1110 2791 1271 2863 argueret:

321 2882 562 2966 Imperatorem,
585 2882 703 2969 inquit,
728 2908 777 2948 me
803 2897 903 2948 mater
929 2883 1063 2968 peperit,
1088 2905 1152 2947 non
1178 2882 1274 2947 bella-

321 2993 432 3046 torem.
472 2983 598 3047 Marins
614 3006 742 3069 quoqne
756 3006 857 3069 quum
873 3005 944 3046 eum
962 2986 1129 3047 Teutonus
1143 2981 1273 3069 qnidam

321 3081 361 3146 ad
376 3102 495 3166 pugnae
511 3093 669 3146 certamen
690 3095 889 3166 provocaret,
904 3080 1079 3166 respondit,
1095 3084 1122 3147 si
1137 3080 1275 3167 cupidus

321 3184 433 3247 mortis
447 3197 540 3262 esset,
550 3208 582 3249 se
596 3185 692 3249 vitam
702 3185 817 3270 laqueo
828 3207 920 3271 posse
931 3182 1046 3260 finisse,
1057 3196 1089 3248 et
1100 3185 1273 3269 sapientem

320 3304 382 3346 non
404 3296 469 3348 tam
484 3307 626 3371 pugnarn
649 3307 745 3370 quam
763 3285 924 3349 victoriam
948 3305 1101 3369 quaerere.
1148 3283 1275 3347 Primus

322 3384 543 3449 Romanorum
569 3388 747 3472 Imperator
769 3388 880 3451 Julius
903 3389 1011 3452 Caesar
1032 3406 1128 3471 quam
1152 3388 1275 3470 patien-

321 3484 441 3549 tissime
451 3486 553 3550 multa
564 3488 725 3553 sustinuit.
757 3489 865 3566 Quum
877 3486 959 3549 enim
970 3486 1130 3551 calvitium
1143 3486 1276 3573 iniquis-

323 3585 401 3649 sime
415 3584 525 3664 ferret,
539 3598 571 3650 et
593 3586 790 3653 deficientem
805 3586 955 3671 capillum
978 3608 997 3648 a
1019 3586 1139 3649 cervice
1161 3610 1277 3651 convo·

322 3698 406 3751 caret
422 3686 464 3750 ad
479 3686 629 3768 frontem,
643 3688 683 3752 ab
699 3690 781 3753 irato
796 3688 898 3751 milite
912 3686 941 3750 ei
957 3687 1078 3751 dictum
1094 3701 1159 3753 est:
1186 3690 1277 3753 Faci-

322 3785 384 3851 lius
399 3801 446 3852 est
459 3790 567 3853 Caesar
578 3801 610 3853 te
619 3787 744 3851 calvum
757 3811 818 3851 non
831 3810 909 3864 esse,
920 3810 1016 3873 qnam
1030 3810 1079 3852 me
1090 3788 1123 3851 in
1132 3790 1276 3854 exercitu

324 3890 469 3952 Romano
484 3890 657 3975 quicquam
672 3890 783 3975 egisse,
801 3890 851 3953 vel
876 3903 1023 3953 acturum
1038 3913 1105 3954 esse
1125 3890 1276 3956 timidius.

325 3988 416 4052 Idem
427 3988 492 4054 lato
501 3990 592 4054 clavo
602 4011 705 4075 nsque
716 3989 758 4053 ad
768 4010 881 4052 manns
890 3989 1050 4054 fimbriato
1063 4002 1164 4064 utens,
1175 3989 1278 4052 laxius

324 4087 522 4171 cingebatur.
557 4089 652 4155 Unde
667 4089 768 4173 Sylla,
781 4088 950 4174 optimates
965 4090 1082 4174 saepius
1096 4087 1276 4164 admonens

327 4186 463 4270 dicebat,
479 4201 516 4253 ut
531 4211 665 4274 puerum
682 4190 764 4254 male
779 4189 986 4272 praecinctum
1002 4200 1157 4252 caverent.
1193 4188 1280 4250 Prae-

329 4300 414 4351 terea
431 4291 674 4374 margaritarum
696 4288 919 4376 cupidissimus
940 4299 1019 4364 erat,
1039 4310 1130 4373 quas,
1152 4288 1278 4371 pondus

781 4409 801 4453 Ρ
815 4396 835 4451 2
