3384 5234
685 665 821 708 JOANNIS
839 659 1121 707 SARESBERIENSIS
1247 642 1330 721 [ΗΒ.
1350 663 1386 705 Il.

534 902 613 986 Cap.
634 906 682 966 15.
705 901 758 964 De
772 901 934 983 speciebus
948 900 1155 973 somniorum,
1170 901 1288 973 caune,

661 1005 801 1087 fipurie,
816 1009 847 1065 et
862 1002 1159 1087 siqnificutionibus.

479 1142 571 1204 Suus
593 1151 699 1204 autem
723 1137 832 1203 multae
856 1136 975 1222 species
999 1135 1204 1215 somniorum,
1225 1147 1258 1198 et
1281 1136 1390 1199 multi-

436 1242 534 1328 plices
549 1264 665 1317 causae,
681 1254 712 1305 et
729 1240 825 1304 variae
840 1240 967 1325 figurae,
983 1252 1014 1304 et
1031 1237 1283 1323 significationes.
1319 1240 1391 1300 Aut

430 1344 519 1421 ‚enim
541 1344 743 1421 insomnium,
763 1356 820 1407 aut
839 1342 1041 1429 phantasma,
1064 1354 1121 1406 aut
1143 1340 1310 1418 somnium,
1332 1354 1390 1404 aut

438 1445 616 1520 oraculum,
628 1457 684 1509 aut
695 1445 775 1508 visio
790 1457 849 1507 est.
890 1445 991 1507 Porro
1005 1442 1161 1507 insomnia
1175 1465 1214 1505 ex
1230 1442 1394 1520 ebrietate,

439 1546 489 1609 vel
512 1546 653 1633 crapula,
676 1558 732 1610 aut
753 1546 851 1609 variis
872 1545 1073 1631 passionibus
1095 1545 1246 1631 corporis,
1263 1544 1392 1608 affectu-

399 1632 403 1640 ·
440 1672 561 1735 umque
576 1647 780 1723 tumultibus
796 1660 828 1711 et
844 1647 986 1733 reliquiis
1000 1647 1231 1732 cogitationum
1246 1649 1393 1732 frequen-

441 1748 559 1814 tissime
575 1748 731 1813 oriuntur.
764 1746 861 1810 Unde
875 1760 907 1811 et
923 1748 1004 1811 male
1020 1748 1103 1813 sanis
1118 1748 1293 1813 amantium
1308 1771 1394 1813 men·

441 1850 529 1915 tibus
551 1850 706 1914 insomnia
733 1870 897 1933 nunquam
924 1847 1050 1912 desunt.
1101 1851 1196 1926 Quod
1220 1851 1394 1936 prudenter

441 1950 548 2015 innuit
564 1955 675 2015 Maro:

547 2075 626 2125 Anna
638 2091 708 2125 soror
720 2091 777 2142 quae
788 2089 830 2125 me
842 2091 995 2144 suspensam
1006 2076 1135 2127 insomnia
1145 2079 1261 2128 terrent?

548 2158 635 2211 Multa
646 2160 694 2211 viri
705 2161 786 2213 virtus
798 2160 894 2224 auimo,
908 2159 1054 2229 multusque
1066 2167 1181 2228 recursat

547 2244 640 2297 Gentis
651 2245 742 2308 honos,
752 2245 855 2297 haerent
866 2244 942 2297 infixi
953 2252 1057 2316 pectore
1068 2244 1163 2309 vultus,

548 2328 696 2398 Verbaque,
708 2347 755 2381 uec
767 2328 897 2400 placidam
908 2330 1031 2382 membris
1044 2330 1090 2381 dat
1102 2347 1163 2381 cura
1175 2329 1297 2397 quietem.

445 2437 527 2501 Haec
553 2462 681 2524 quoque
708 2436 883 2501 dolentium
908 2450 964 2501 aut
989 2436 1210 2523 gaudentium,
1238 2452 1292 2503 aut
1318 2464 1397 2525 quos

445 2539 568 2606 timoris
591 2554 686 2605 vexat
716 2538 876 2625 angustia,
906 2553 963 2603 aut
993 2539 1208 2603 immoderatae
1237 2541 1397 2625 cupidinis

447 2644 542 2721 ardor
568 2642 724 2719 accendit,
751 2663 814 2704 non
843 2653 1036 2727 praetereunt
1063 2643 1248 2727 passionem.
1292 2642 1398 2707 Phan-

449 2760 564 2823 tasma,
576 2768 677 2830 quum
690 2767 794 2809 rerum
806 2745 926 2828 ignotae
942 2745 1092 2808 videntur
1105 2745 1233 2828 species,
1244 2744 1400 2830 qualitate

447 2847 497 2910 vel
513 2847 703 2933 quantitate,
714 2859 767 2911 aut
780 2846 921 2932 partium
938 2847 1033 2910 modo
1046 2846 1095 2910 vel
1110 2869 1243 2911 numero
1254 2870 1273 2911 a
1284 2860 1399 2911 natura

448 2948 674 3036 discrepantes,
687 2962 722 3013 ut
735 2949 760 3012 si
775 2950 859 3013 forte
870 2951 954 3013 “nec
965 2972 1022 3035 pes
1036 2971 1093 3013 nec
1105 2963 1203 3035 caput
1216 2951 1271 3014 uni
1285 2950 1395 3018 redda-

449 3065 504 3115 tur
519 3052 661 3130 formae,”
677 3051 754 3115 dum

1010 3160 1105 3207 tetrum

591 3238 696 3290 Desinit
708 3239 735 3289 in
746 3239 844 3309 piscem
857 3239 949 3291 mulier
961 3238 1072 3291 formosa
1084 3256 1201 3309 superne.

450 3349 521 3411 Has
536 3346 665 3431 quidem
683 3346 801 3430 species
815 3370 855 3409 ex
871 3346 1055 3411 infirmitate
1075 3350 1190 3412 mentis
1204 3362 1237 3413 et
1252 3348 1401 3434 corporis,

451 3446 583 3511 tradunt
606 3444 731 3530 physici
758 3449 935 3531 provenire,
959 3449 1132 3531 'earumque
1161 3470 1271 3511 causas
1300 3453 1402 3534 magis

452 3545 634 3624 attendunt,
657 3567 753 3630 quam
778 3569 817 3608 ex
842 3548 887 3608 eis
912 3545 1035 3631 aliquas
1061 3547 1315 3632 significationes.
1362 3552 1401 3613 In

453 3669 519 3732 quo
540 3668 654 3729 genere
680 3657 711 3708 et
738 3645 921 3731 ephialtem,
944 3670 1010 3732 quo
1032 3650 1104 3732 quis
1127 3648 1222 3712 variis
1249 3649 1403 3733 pressuris

454 3746 593 3834 quodam
604 3746 696 3832 quasi
712 3746 918 3830 intervigilio,
932 3746 988 3811 sed
1003 3770 1112 3811 somno
1129 3749 1235 3833 potius
1249 3748 1403 3834 inquiam,

453 3850 587 3935 opinans
602 3870 635 3910 se
654 3846 786 3932 vigilare
808 3871 909 3933 quum
926 3848 1074 3925 dormiat,
1090 3862 1225 3935 putatur
1240 3850 1280 3913 ab
1296 3850 1405 3937 aliquo

453 3948 580 4014 interim
622 3949 829 4034 praegravari,
862 3950 1161 4014 connumerandum
1198 3951 1403 4017 arbitrantur.

456 4054 537 4125 Quae
552 4048 681 4135 quidem
698 4049 804 4113 omnia
823 4049 1017 4115 medicorum
1034 4053 1142 4138 potius
1156 4053 1300 4139 indigent
1315 4077 1403 4131 cura,

455 4175 552 4239 quam
564 4150 767 4216 ventilatione
778 4164 903 4231 nostra3
925 4154 1098 4239 praesertim
1112 4178 1214 4240 quum
1226 4155 1305 4219 nihil
1316 4159 1348 4220 in
1361 4157 1406 4220 eis

455 4277 567 4322 verum
587 4266 751 4340 appareat,
766 4254 825 4319 nisi
848 4255 934 4340 quod
951 4255 1120 4321 verissimae
1144 4271 1216 4322 sunt
1239 4270 1272 4322 et
1293 4259 1405 4322 moles-
