3384 5234
416 675 479 733 304
686 680 824 726 rasurus
840 677 1122 723 sanasannmnsrs
1239 655 1323 734 [un.
1341 677 1372 719 v.

417 859 468 900 me
490 833 584 899 credo
608 832 721 897 vidisse
741 830 885 894 ostiarios
909 828 1050 894 Cerbero
1069 828 1220 891 duriores.
1268 825 1373 911 Apud

417 937 533 999 inferos
547 946 653 997 tamen
678 931 836 998 Cerberus
856 953 940 993 unus
960 942 1016 993 est.
1062 931 1151 1003 Quot
1170 940 1245 991 sunt
1265 926 1374 989 diver-

419 1034 517 1101 ticula
532 1034 721 1109 Curialium,
734 1045 783 1097 tot
799 1032 931 1097 Cerberi
944 1044 1028 1095 sunt.
1066 1031 1227 1095 Attienses
1240 1051 1375 1114 quoque

419 1137 575 1204 Cerberos
589 1134 770 1211 sustinebis,
786 1147 952 1218 totamque
972 1131 1139 1208 familiam,
1153 1154 1227 1217 quae
1247 1152 1374 1216 semper

418 1251 476 1303 ant
490 1238 625 1312 mordet,
641 1250 696 1302 aut
717 1236 825 1300 latrat.
870 1236 989 1299 Omnes
1009 1256 1084 1297 vero
1102 1245 1263 1318 quotquot
1284 1244 1373 1308 sunt,

419 1346 452 1406 in
482 1364 546 1405 uno
575 1338 713 1403 medicos
742 1336 926 1412 audierunt,
957 1335 1120 1400 dicentes:
1159 1337 1247 1398 Dum
1283 1333 1372 1398 dolet

422 1446 541 1528 accipe,
564 1440 681 1505 facturi
699 1441 792 1503 etiam
818 1441 843 1502 si
863 1437 922 1501 sibi
941 1437 1092 1522 expedire
1111 1436 1315 1512 crediderint,
1338 1448 1376 1499 ut

421 1543 526 1608 doleat
541 1541 627 1629 quod
644 1564 753 1605 sanum
770 1552 828 1605 est.
876 1541 915 1603 ln
933 1563 996 1603 nno
1012 1552 1118 1603 tamen
1134 1538 1290 1625 piissimos
1305 1562 1375 1604 esse

420 1644 594 1723 miraberis,
611 1644 696 1728 qnod
713 1641 859 1729 querelas
876 1641 1009 1705 libenter
1025 1640 1172 1716 audiunt,
1187 1640 1297 1704 fovent
1312 1641 1376 1705 hn-

422 1741 1373 1827 miliorumcausas,eteonsquepatrocinanturafflictis,dum

421 1846 610 1911 exhauriant
622 1843 743 1908 loculos
754 1844 941 1929 pleniorum.
977 1843 1060 1905 Nam
1073 1865 1266 1928 quocunque
1278 1844 1376 1908 modo

421 1971 516 2012 cansa
538 1946 700 2032 procedat,
723 1946 783 2008 hoc
807 1968 930 2031 semper
952 1944 1060 2029 agitur
1083 1957 1120 2008 ut
1142 1943 1238 2008 loculi
1259 1944 1376 2030 imple·

422 2061 528 2124 antur,
551 2048 610 2111 etsi
630 2047 763 2111 avaritia
783 2060 921 2131 nequeat
944 2046 1060 2110 satiari.
1106 2046 1258 2133 Quisquis
1279 2046 1311 2110 in
1332 2048 1377 2113 is-

423 2164 525 2215 torum
549 2170 661 2211 manus
682 2147 839 2223 inciderit,
856 2149 881 2209 si
900 2148 1057 2232 poenitens
1076 2148 1245 2225 invenitur,
1260 2150 1377 2235 opinor

422 2251 490 2315 haec
516 2260 674 2312 tormenta
696 2250 725 2310 ei
749 2246 889 2311 sufficere
916 2271 1006 2334 posse
1034 2249 1075 2314 ad
1103 2252 1236 2315 veniam.
1282 2251 1377 2316 Nihil

423 2352 505 2416 enim
530 2351 609 2414 adeo
634 2373 730 2435 grave
754 2363 811 2425 est,
836 2353 924 2436 quod
951 2352 1002 2415 hic
1028 2352 1150 2439 expiari
1176 2376 1237 2416 non
1264 2358 1379 2439 possit.

424 2449 510 2527 Quid
534 2449 615 2513 enim
640 2450 784 2516 miserius
807 2465 864 2526 est,
888 2476 986 2537 quam
1012 2453 1157 2539 superbis
1178 2453 1315 2518 assidere
1338 2454 1378 2518 li·

423 2552 572 2630 minibus,
588 2554 919 2640 praetergredientinm
942 2555 1076 2620 tolerare
1097 2555 1225 2632 fastum,
1249 2570 1280 2621 et
1301 2579 1379 2621 con-

424 2656 651 2742 temptibilium
680 2656 793 2721 calcari
819 2670 1018 2743 contemptu,
1044 2658 1185 2743 perferre
1214 2657 1375 2723 molestias

423 2778 640 2831 excussorum,
656 2768 688 2820 et
703 2758 744 2821 ab
765 2757 904 2843 indignis
926 2756 1048 2843 quaevis
1065 2758 1196 2843 indigna
1210 2759 1374 2845 perferre?

427 2859 582 2933 Socrates,
605 2879 705 2942 quum
729 2880 801 2921 enm
826 2858 1010 2924 Alcibiades
1032 2860 1252 2945 interrogaret,
1265 2884 1378 2947 qnare

425 2958 645 3045 Xanthippem
658 2983 789 3024 uxorem
801 2960 973 3025 admodum
982 2982 1136 3025 morosam
1145 2976 1176 3027 et
1183 2964 1376 3049 jurgiosam,

425 3073 456 3123 et
472 3083 546 3145 quae
562 3059 618 3122 din
639 3072 801 3145 noctuque
825 3061 1035 3126 muliebribus
1055 3063 1195 3126 scatebat
1215 3063 1379 3145 molestiis,

425 3161 521 3225 domo
545 3181 606 3224 non
629 3161 783 3245 abigeret,
799 3163 922 3249 inquit:
955 3164 1062 3240 Quum
1086 3164 1180 3228 talem
1204 3163 1289 3227 domi
1305 3187 1379 3250 per·
1443 3230 1447 3237 ,

426 3263 540 3348 petior,
564 3262 717 3338 insuesco,
740 3277 772 3327 et
799 3286 946 3328 exerceor
972 3278 1009 3329 ut
1035 3277 1220 3329 caeterornm
1247 3289 1378 3352 quoque

426 3365 505 3428 foris
520 3362 740 3450 petulantiam,
757 3378 789 3429 et
809 3364 957 3450 iujuriam
974 3365 1099 3430 facilius
1113 3366 1222 3432 feram.
1269 3367 1378 3430 Veteri

425 3465 603 3530 celebratur
621 3466 805 3551 proverbio:
846 3465 930 3543 Quia
948 3488 1056 3531 vacuae
1076 3488 1190 3531 manus
1210 3468 1378 3532 temeraria

425 3567 537 3653 petitio
556 3580 616 3643 est,
632 3580 665 3631 et
688 3568 830 3653 profecto
851 3571 1054 3656 importunus
1078 3582 1223 3654 precator
1242 3582 1301 3645 est,
1317 3570 1374 3655 qui

427 3666 547 3731 dandas
559 3691 608 3731 res
618 3668 657 3730 ad
671 3672 768 3735 verba
779 3672 920 3735 confidit.
959 3671 1141 3755 Utrobique
1152 3670 1245 3749 enim,
1257 3670 1375 3735 scilicet

426 3766 513 3852 apud
529 3766 662 3831 curiales
677 3781 709 3833 et
725 3771 872 3843 medicos,
889 3770 1023 3842 obtinet,

533 3881 585 3933 Pro
597 3882 658 3935 solis
669 3886 764 3951 verbis,
776 3886 905 3937 montanis
916 3883 1012 3934 utimur
1022 3882 1119 3945 herbis,

533 3968 584 4020 Pro
597 3971 662 4022 caris
674 3971 762 4035 rebus,
773 3968 912 4041 pigmentis
925 3972 952 4018 et
964 3967 1108 4037 speciebus,

430 4075 519 4136 Inter
545 4072 623 4136 alios
650 4086 754 4137 tamen
782 4068 981 4155 benigniores
1008 4084 1096 4151 sunt,
1122 4070 1177 4157 qui
1208 4069 1374 4137 minimum

428 4188 571 4261 possunt,
594 4174 665 4239 licet
692 4173 758 4236 fere
779 4195 888 4237 omues
914 4174 1006 4259 proni
1033 4173 1095 4239 sint
1121 4174 1161 4238 ad
1188 4174 1377 4255 nocendum,

428 4275 510 4363 quod
533 4280 632 4342 cuivis
651 4276 743 4361 longe
766 4275 892 4341 facilius
911 4291 970 4355 est,
987 4302 1083 4362 quam
1104 4278 1263 4364 prodesse.
1310 4283 1376 4344 Ex·
