3384 5234
409 700 470 760 108
662 713 798 759 saturus
815 706 1092 762 stassamttausn
1223 704 1305 778 [ura.
1323 721 1359 764 11.

329 966 332 973 ’
408 950 487 1033 Cap.
503 955 554 1012 tl.
578 952 632 1014 Au
646 955 771 1033 possint
793 974 813 1014 o
829 952 900 1015 Deo
914 954 990 1015 sciri
1012 974 1081 1034 qua
1098 974 1164 1016 non
1186 957 1359 1028 suaniam

447 1057 478 1113 et
499 1053 585 1131 quod
606 1072 714 1114 rerum
736 1053 938 1151 mutqbilitos
959 1058 991 1117 ei
1014 1074 1214 1135 nequaquam
1237 1062 1284 1117 est
1308 1059 1362 1117 iu-

414 1178 417 1183 ·
433 1153 609 1234 flagreudm·
639 1162 670 1216 et
692 1154 776 1234 quod
797 1154 879 1215 wem
902 1165 946 1217 est
970 1157 1117 1229 scientio,
1136 1158 1358 1236 praescientia,

446 1253 618 1335 dispositio,
641 1256 854 1336 procidentia,
876 1262 907 1317 et
931 1256 1192 1336 praedestirrutio‚·
1216 1264 1248 1320 et
1276 1259 1360 1337 qaod

378 1386 381 1392 ¹
445 1378 521 1419 ocra
543 1356 677 1436 infinito
699 1363 788 1432 sunt,
811 1363 849 1420 ut
869 1376 1021 1419 uumerus
1042 1378 1152 1419 eorum
1174 1379 1241 1420 uon
1263 1364 1361 1438 queat

447 1460 561 1540 nuperi
575 1460 625 1521 oet
638 1460 764 1531 miuui;
788 1467 818 1521 et
834 1458 918 1539 quod
935 1460 1140 1539 providentio
1155 1463 1283 1522 nullom
1304 1479 1359 1521 ue·

446 1564 620 1624 cessitatem
634 1561 729 1623 rebus
743 1561 879 1623 inducit.

447 1680 515 1743 Suu
530 1702 596 1743 esse
613 1680 681 1763 jam
702 1678 832 1742 alterius
853 1678 1050 1743 difficultatis
1070 1651 1273 1743 sudcrescunt
1289 1702 1356 1742 cor-

402 1802 477 1856 nua,
504 1794 536 1846 et
560 1803 756 1865 quocunque
782 1802 832 1842 me
859 1792 993 1861 vertam,
1019 1782 1052 1843 in
1083 1804 1219 1845 errorem
1248 1781 1358 1844 videor

402 1880 573 1945 involutus.
621 1881 653 1944 Si
677 1884 759 1946 euim
783 1900 858 1965 quae
880 1902 942 1943 non
968 1895 1054 1958 sunt,
1079 1906 1136 1945 nec
1162 1896 1267 1958 erunt,
1290 1905 1356 1946 esse

404 1995 548 2065 possunt,
566 1983 709 2066 profecto
728 1996 760 2045 et
785 1986 876 2046 Deus
891 1997 996 2067 potest
1013 1985 1091 2047 scire
1106 1985 1193 2069 qnod
1208 2006 1271 2046 non
1288 1984 1358 2059 scit,

402 2093 459 2145 aut
488 2105 526 2144 eo
555 2083 721 2166 ignorante
751 2097 856 2167 potest
887 2084 1011 2169 aliquid
1040 2085 1174 2148 evenire.
1230 2083 1354 2146 Bellum

402 2204 539 2264 numque
557 2184 668 2245 navale
689 2184 775 2269 quod
797 2207 859 2247 uon
882 2185 952 2260 erit,
968 2187 1048 2250 sicut
1070 2199 1101 2250 et
1121 2174 1201 2271 gisi,
1218 2186 1261 2247 sic
1282 2198 1315 2248 et
1337 2208 1356 2247 a

402 2284 587 2367 gerentibus
602 2283 673 2346 sciri
688 2279 802 2369 potest.
850 2286 944 2362 Quod
965 2285 1077 2370 utique
1098 2299 1129 2350 et
1151 2308 1218 2348 esse
1237 2296 1268 2349 et
1284 2284 1356 2348 sciri

403 2397 508 2471 potest
529 2386 570 2450 ab
593 2386 732 2463 homine,
748 2386 905 2472 numquid
928 2387 998 2450 sciri
1020 2409 1039 2450 a
1061 2390 1130 2451 Deo
1148 2409 1210 2449 uon
1227 2390 1355 2471 potest?

405 2487 438 2551 si
453 2509 529 2571 ergo
543 2500 650 2573 potest
662 2492 752 2552 Deus
764 2489 842 2552 scire
857 2488 945 2573 quod
959 2511 1021 2551 non
1037 2489 1107 2566 scit,
1120 2499 1225 2573 potest
1241 2491 1356 2573 utique

403 2601 433 2654 et
450 2612 512 2653 non
529 2592 607 2654 scire
623 2590 710 2675 quod
726 2592 799 2667 scit,
812 2613 850 2653 eo
860 2591 947 2674 quod
963 2592 1245 2675 contrajacentium
1261 2588 1356 2653 simul

404 2692 491 2756 nulla
502 2693 599 2778 possit
612 2714 677 2755 esse
688 2692 828 2771 scientia,
839 2715 939 2777 quum
950 2692 1083 2756 alterum
1100 2713 1210 2754 eorum
1223 2713 1357 2774 semper,

403 2817 441 2857 eo
455 2794 542 2879 quod
561 2794 702 2857 veritatis
723 2794 901 2868 substantia
922 2807 1037 2869 careat,
1053 2794 1094 2857 sit
1108 2794 1284 2857 obnoxium
1299 2792 1357 2855 fal.

404 2895 501 2960 sitati.
547 2899 647 2960 Porro
662 2896 897 2959 mendaciorum
914 2896 1002 2959 nulla
1018 2909 1064 2959 est
1086 2895 1225 2961 scientia.
1271 2896 1359 2970 Quo-

403 2998 499 3060 modo
513 3019 589 3082 ergo
601 2997 731 3061 scientia
741 2997 951 3061 immutabilis
962 3010 1021 3074 est,
1033 2997 1085 3061 cui
1095 2997 1241 3061 decessus
1251 3019 1356 3060 rerum

403 3111 508 3182 potest
530 3099 598 3162 fieri
626 3113 656 3163 et
685 3098 840 3175 accessus,
864 3124 939 3184 quae
964 3112 1069 3185 potest
1096 3102 1242 3183 ignorare
1269 3098 1356 3184 quod

403 3221 468 3262 nou
485 3202 554 3277 scit,
569 3212 625 3262 aut
647 3200 725 3262 scire
748 3200 833 3283 quod
858 3200 980 3263 nescit?
1019 3199 1114 3276 Quod
1136 3200 1161 3261 si
1184 3221 1253 3261 eam
1275 3198 1357 3261 vari·

404 3300 517 3364 abilem
534 3322 600 3362 esse
618 3301 797 3382 recipimus
814 3300 938 3362 ,Iacobo
961 3300 1161 3374 reclamante,
1178 3300 1246 3383 jam
1267 3299 1355 3385 apud

402 3424 473 3464 eum
490 3412 537 3462 est
553 3399 696 3477 variatio,
708 3410 739 3460 et
755 3398 980 3462 vicissitudinis
991 3401 1207 3477 obumbratio,
1220 3414 1252 3465 et
1264 3415 1355 3485 pater

404 3502 558 3565 luminum
571 3521 638 3561 esse
649 3499 784 3574 desistit,
794 3499 819 3561 si
832 3499 970 3562 elabitur
982 3501 1069 3584 quod
1083 3502 1250 3583 praenovit.
1283 3503 1356 3565 Hoc

403 3600 550 3685 equidem
573 3621 631 3662 nec
651 3598 818 3683 gentilium
841 3620 927 3661 error
947 3600 1030 3661 circa
1050 3621 1108 3661 sua
1129 3621 1191 3661 non
1212 3612 1276 3662 tam
1298 3621 1355 3662 nu-

403 3704 496 3777 mina,
513 3723 608 3785 quarn
626 3700 783 3763 daemonia
802 3700 997 3783 dignabatur
1012 3700 1192 3779 admittere,
1208 3698 1265 3781 qui
1282 3700 1355 3783 sty-

402 3808 485 3893 giam
503 3803 649 3889 paludem
674 3802 744 3865 Diis
765 3802 907 3885 perviam
928 3824 995 3866 esse
1016 3801 1186 3885 negabant,
1202 3799 1354 3878 dicentes,

402 3932 470 3974 eam
492 3904 638 3969 omuibus
660 3901 883 3979 venerandam,
905 3915 937 3965 et
958 3924 1188 3988 usquequaque
1210 3900 1353 3965 illicitam

401 4036 420 4076 a
442 4007 622 4075 coeiestibus
644 4004 810 4094 praeteriri.
856 4008 982 4068 Mentes
1004 4027 1142 4091 namque
1165 4002 1353 4083 coelestium,

402 4114 519 4179 oblivio
539 4135 601 4176 non
626 4111 791 4195 contingit.
838 4109 997 4194 Nunquid
1018 4132 1094 4193 ergo
1113 4108 1193 4171 fides
1214 4107 1354 4193 recipiet,

369 4247 371 4253 s
403 4215 487 4303 quod
514 4214 554 4278 de
581 4218 651 4278 Deo
679 4213 728 4277 vel
754 4213 824 4299 ipsa
845 4211 980 4297 perfidia
1006 4211 1178 4275 abhorret?
1217 4211 1354 4275 Constat

402 4334 508 4384 autem
535 4316 622 4402 apud
649 4337 766 4394 ornnes,
794 4316 869 4399 quia
895 4317 982 4378 Deus
1008 4314 1066 4377 scit
1090 4313 1170 4376 illud
1196 4335 1259 4375 non
1284 4334 1352 4378 esse
