3384 5234
328 689 398 734 car.
414 670 504 749 xus]
677 685 933 731 porrorum-cus.
1215 672 1278 728 205

326 842 521 925 praenomine
544 840 772 914 conclamatur,
787 838 995 900 salutationes
1011 836 1136 919 excipit
1150 837 1279 919 primas,

327 944 446 1026 primas
473 940 649 1003 sententias
668 940 702 1001 in
718 938 853 1021 judiciis
877 938 1006 1021 profert,
1030 939 1063 1000 in
1088 938 1282 1001 demonstra-

326 1043 465 1106 tionibus
486 1040 722 1112 honestissime,
749 1040 782 1100 in
808 1037 1089 1101 deliberationibus
1114 1038 1282 1101 utilissime

326 1145 431 1219 sentit,
458 1140 611 1227 quicquid
635 1141 787 1224 loquitur,
814 1142 859 1203 sal
883 1161 1005 1202 merum
1031 1152 1096 1216 est3
1127 1138 1282 1223 quicquid

327 1246 402 1327 agit,
419 1244 545 1328 justitia
558 1243 608 1305 vel
630 1242 812 1304 liberalitas.
857 1243 927 1321 Age
950 1262 1026 1321 ergo
1048 1252 1081 1303 et
1100 1240 1183 1303 inter
1203 1241 1281 1302 istos

327 1365 438 1427 sapere
454 1342 546 1405 aude.
585 1341 667 1404 llicc
678 1341 698 1372 “
711 1342 811 1403 multa
825 1341 1024 1403 adulatorum
1037 1339 1141 1402 reniet
1157 1361 1280 1417 manus,

326 1456 358 1508 et
369 1445 467 1507 veluti
481 1454 513 1506 te
523 1444 543 1505 J
546 1442 630 1505 udaei
645 1451 762 1522 cogent
775 1442 808 1504 in
825 1462 915 1505 suam
928 1442 1105 1505 concedere
1121 1441 1280 1504 turbam·’'

329 1544 539 1608 Multitudine
563 1544 671 1626 itaque
701 1544 762 1605 tuti
788 1551 874 1620 sunt,
901 1552 932 1606 et
958 1543 1107 1619 artificio,
1132 1554 1168 1605 ut
1192 1544 1280 1625 ipsos

326 1646 451 1729 possint
467 1645 560 1707 etiam
575 1663 675 1723 reges,
692 1656 724 1706 et
738 1644 902 1726 principes
917 1664 1111 1728 expugnare.
1141 1645 1185 1706 Et
1199 1645 1280 1707 miro

327 1745 423 1808 modo
435 1745 565 1807 inermis
576 1747 715 1828 populus
727 1748 878 1827 praevalet
892 1744 925 1807 in
940 1757 1088 1821 armatos,
1100 1755 1134 1809 et
1143 1746 1282 1809 mollicie

327 1869 399 1930 quae
423 1847 643 1909 robustissima
665 1858 750 1924 sunt,
775 1859 919 1930 potenter
940 1860 1118 1931 expugnat.
1162 1850 1282 1931 Dispo-

328 1969 451 2012 sueram
473 1959 581 2010 tamen
606 1947 696 2010 silere
720 1946 759 2009 de
782 1948 945 2024 mollibus
965 1950 1019 2032 qui
1042 1950 1125 2013 sicut
1147 1951 1281 2030 ignomi-

327 2050 420 2124 niosi,
436 2050 480 2112 ita
504 2058 578 2111 sunt
593 2061 625 2110 et
639 2047 789 2111 videntur
810 2048 1066 2114 innominabiles.
1114 2050 1282 2114 Silentium

324 2151 439 2214 indicit
448 2150 624 2213 reverentia
634 2161 804 2227 morum,et
814 2150 1013 2214 verecundus
1023 2152 1160 2228 animuS,
1169 2164 1282 2215 natura

329 2252 479 2331 dictante,
494 2253 619 2315 illorum
637 2251 779 2315 declinat
794 2264 969 2334 aspectum.
1014 2253 1100 2326 Quid
1114 2253 1238 2317 multa?

432 2363 461 2414 Si
472 2365 565 2413 natura
576 2363 667 2426 negat,
679 2357 743 2410 facit
754 2358 900 2426 indignatio
911 2359 1027 2412 verbum.

329 2459 422 2543 Apud
432 2460 510 2521 istos
520 2479 571 2520 ars
581 2467 629 2520 est
640 2478 729 2519 suam
739 2456 927 2537 pudicitiam
937 2457 1136 2540 prostituere,
1146 2460 1281 2523 alienam

327 2564 457 2638 violare,
470 2561 519 2621 rel
534 2579 729 2642 oppugnare.
760 2560 831 2621 Nec
845 2557 974 2641 quidem
988 2557 1174 2640 simpliciter
1183 2582 1283 2637 suam,

327 2685 424 2746 quum
447 2660 641 2723 matrimonii
662 2669 855 2722 temerentur
869 2660 954 2742 jura,
969 2670 1001 2720 et
1021 2659 1166 2742 conjugis
1190 2661 1281 2724 adul-

329 2766 444 2827 terium
467 2763 589 2847 conjux
611 2773 768 2846 procuret.
814 2763 903 2825 Dum
926 2760 1086 2842 egreditur
1108 2784 1227 2845 sponsa
1242 2764 1282 2827 de

326 2865 473 2927 thalamo'
497 2884 567 2940 suo,
591 2862 762 2946 conjugem
789 2865 856 2926 noli
882 2864 1030 2926 maritum
1060 2862 1197 2943 credere,
1225 2863 1282 2926 sed

327 2966 484 3027 lenonem.
535 2963 691 3026 Producit
716 2986 796 3042 eam,
824 2963 1006 3027 libidinosis
1032 2964 1173 3047 exponit,
1199 2976 1231 3027 et
1255 2963 1282 3025 si

326 3088 400 3149 spes
423 3066 525 3129 dolosi
548 3066 671 3129 nummi
693 3067 857 3147 refulgeat,
880 3068 1015 3129 affectus
1042 3065 1158 3129 callida
1184 3066 1281 3128 simu·
1340 3090 1344 3097 ·

324 3168 443 3230 latione
456 3168 628 3251 prostituit.
659 3167 742 3231 Filia
751 3189 891 3251 namque
908 3168 1081 3246 decentior,
1091 3175 1145 3229 aut
1160 3167 1185 3229 si
1202 3165 1281 3250 quid

326 3267 414 3331 aliud
437 3268 471 3330 in
494 3268 614 3331 familia
635 3269 762 3349 placeat
786 3268 904 3343 ditiori,
926 3269 1057 3351 publica
1079 3289 1199 3331 merces
1222 3279 1281 3347 est,

327 3369 477 3452 exposita
504 3368 647 3451 quidem,
670 3370 696 3431 si
719 3381 894 3453 emptorem
922 3370 1073 3433 inveniat.
1118 3369 1183 3433 Sed
1204 3370 1281 3434 licet

321 3470 429 3555 justus
441 3469 533 3531 dolor
545 3492 601 3531 eos
613 3470 815 3553 aliquatenus
827 3472 960 3548 cruciet,
970 3471 1025 3555 qui
1037 3471 1097 3533 tori
1108 3471 1281 3555 participes

326 3571 508 3645 admittunt,
519 3582 573 3633 aut
588 3570 722 3646 t'aciurrt3
743 3571 899 3653 aegritudo
912 3584 1020 3636 tamen
1034 3573 1178 3635 utilitatis
1193 3594 1280 3636 com-

325 3670 446 3754 pendio
460 3671 630 3753 mitigatur,
647 3673 698 3734 vel
713 3674 825 3736 saltem
846 3674 966 3736 doloris
987 3672 1165 3738 dissimulat
1179 3676 1280 3738 cruci·

326 3785 421 3836 atum.
469 3773 504 3835 Si
527 3773 613 3835 enim
636 3794 685 3835 res
708 3775 789 3837 serio
812 3788 933 3856 agatur,
950 3775 978 3839 si
1000 3776 1100 3839 libera
1123 3775 1281 3839 donentur

327 3875 452 3938 cunctis
469 3874 607 3959 judicia,
631 3896 695 3937 non
718 3884 766 3938 est
790 3876 891 3953 dolor,
912 3879 995 3941 sicut
1020 3878 1111 3941 dolor
1131 3880 1194 3955 ille,
1216 3900 1280 3962 quo

327 3996 442 4058 corpus
458 3997 550 4038 suum
567 3976 640 4058 quis
652 3976 737 4038 ridet
752 3978 857 4042 aliena
872 3979 1006 4041 libidine
1016 3980 1127 4061 pollui.
1156 3979 1281 4041 Caetera

326 4096 464 4158 namque
477 4087 610 4158 peccata
622 4086 713 4137 extra
728 4097 844 4159 corpus
856 4088 944 4152 sunt,
963 4079 1019 4140 sed
1034 4079 1089 4161 qui
1098 4078 1279 4156 somicatur,

325 4174 359 4234 in
384 4198 499 4259 corpus
520 4198 611 4239 suum
633 4185 756 4258 peccat.
803 4178 891 4254 Hoc,
906 4177 1022 4258 inquit,
1038 4198 1073 4239 os
1092 4198 1132 4238 ex
1156 4180 1281 4242 ossibus

329 4272 419 4352 meis,
434 4288 466 4340 et
480 4298 554 4341 caro
576 4277 616 4341 de
637 4298 829 4353 carbonen,
847 4288 882 4338 ut
898 4277 968 4358 jam
992 4297 1058 4337 non
1079 4276 1142 4339 duo
1157 4278 1221 4341 sint
1235 4281 1281 4341 vir
