3384 5234
320 698 391 743 car.
407 680 508 760 ama]
656 696 910 743 aotrcnarrcus.
1213 684 1274 745 119

322 857 359 912 ut
368 848 418 912 sit.
448 847 571 912 Deinde
583 858 620 912 tu
631 846 700 933 ipse
711 858 802 932 potes
813 846 988 932 providisse
999 846 1118 912 bonum
1130 846 1274 931 aliquod,

321 948 407 1034 quod
429 948 512 1014 forte
537 947 686 1011 futurum
708 960 756 1013 est
784 947 916 1024 bonum,
934 959 966 1011 et
990 957 1095 1033 potest
1116 968 1179 1010 non
1204 946 1274 1011 fore

320 1050 460 1120 bonum;
494 1060 527 1114 et
548 1048 633 1114 idem
656 1064 747 1133 potes
769 1070 830 1112 non
859 1046 1034 1133 providisse
1056 1048 1187 1123 bonum,
1210 1070 1274 1112 non

320 1151 397 1237 quia
411 1150 513 1236 possis
527 1171 589 1213 non
611 1149 800 1235 providisse,
815 1149 904 1233 quod
924 1148 1103 1234 providisti,
1120 1148 1175 1212 sed
1199 1152 1276 1234 quia

321 1262 426 1335 potest
441 1272 503 1314 nou
517 1249 638 1313 bonum
659 1271 737 1324 esse,
753 1247 840 1333 quod
859 1248 1039 1333 providisti.
1085 1250 1169 1312 Item
1183 1262 1276 1334 potes

232 1418 237 1425 ,
323 1351 402 1435 quid
425 1349 603 1434 promisisse
625 1350 676 1411 vel
696 1346 871 1433 stipulatus
890 1371 958 1412 esse
978 1348 1111 1428 utiliter,
1125 1348 1276 1435 idemque

323 1464 415 1536 potes
429 1472 491 1514 non
507 1450 696 1534 promisisse,
711 1462 768 1513 aut
783 1471 846 1512 non
863 1450 1036 1535 stipulatus
1050 1474 1117 1515 esse
1132 1451 1273 1527 utiliter;

325 1553 412 1638 quod
423 1566 526 1618 tamen
536 1552 708 1638 promisisti
718 1551 768 1615 vel
778 1552 952 1637 stipulatus
961 1575 1004 1627 es,
1015 1575 1076 1617 non
1087 1552 1277 1638 promisisse,

325 1667 382 1719 aut
402 1676 464 1718 non
485 1654 657 1740 stipulatus
677 1676 743 1720 esse
765 1676 829 1717 non
853 1666 954 1737 potes.
999 1655 1169 1734 Praeterea,
1184 1668 1219 1720 tu
1243 1655 1276 1718 in

324 1753 462 1818 fundum
487 1754 760 1838 Sempronianum,
775 1752 866 1817 illum
890 1752 1001 1838 quite
1025 1757 1182 1839 sequitur,
1196 1774 1278 1839 prae·

328 1854 469 1933 cessisti;
497 1866 530 1918 et
542 1856 568 1920 si
583 1855 681 1918 alium
692 1852 892 1940 praecessisti,
909 1862 940 1918 te
951 1854 1033 1919 alius
1048 1867 1104 1920 aut
1120 1866 1279 1941 sequutus

326 1966 386 2035 est,
400 1967 456 2019 aut
479 1955 635 2039 sequitur,
651 1966 715 2018 aut
730 1967 895 2040 sequetur.
940 1958 1049 2029 Quum
1072 1977 1149 2040 ergo
1171 1978 1279 2020 eonsc-

327 2055 455 2138 quentis
475 2055 622 2119 evacuari
637 2055 737 2140 possit
752 2058 899 2133 eventuS,
914 2054 1129 2119 antecedentis
1149 2078 1279 2143 quoque

328 2156 443 2221 veritas
459 2170 564 2242 potest
578 2158 742 2236 infirmari,
757 2169 795 2222 ut
810 2168 842 2220 et
859 2170 895 2221 tu
914 2156 971 2242 qui
986 2178 1201 2241 praeessem,
1216 2180 1280 2223 non

326 2259 519 2343 praecessisse
533 2259 643 2344 possis.
675 2261 748 2336 Quo
763 2270 868 2323 tamen
881 2258 1041 2341 ingressus
1055 2281 1100 2336 es,
1112 2281 1175 2323 nou
1190 2272 1281 2345 potes

327 2382 389 2424 non
405 2361 502 2426 fuisse
518 2361 687 2444 ingressus,
699 2382 803 2446 neque
818 2360 906 2445 quod
918 2359 1039 2424 factum
1051 2372 1100 2425 est
1111 2383 1282 2426 connume-

327 2463 390 2527 rari
412 2455 518 2549 potest
539 2463 677 2539 infectis,
693 2484 797 2546 neque
818 2461 904 2546 quod
927 2461 1096 2547 praeteriit,
1111 2485 1151 2526 ne
1172 2464 1281 2540 fuerit,

327 2567 446 2649 poterit
471 2567 623 2629 revocari.
669 2565 710 2627 In
734 2562 783 2627 his
805 2566 890 2627 enim
912 2563 1061 2627 omnibus
1082 2585 1156 2648 quae
1178 2575 1283 2632 mente

328 2678 491 2751 concepta,
507 2666 559 2730 vel
568 2666 675 2731 verbis
689 2685 850 2749 expressa,
863 2664 913 2728 vel
923 2674 998 2728 actu
1013 2665 1170 2749 completa
1185 2677 1285 2732 trans·

328 2767 446 2846 ierunt,
461 2789 523 2830 non
543 2775 688 2851 possunt,
703 2787 760 2829 nec
780 2774 933 2851 poterunt
953 2765 1068 2829 exinde
1091 2788 1153 2829 uon
1174 2765 1284 2847 luisse,

329 2865 389 2930 etsi
404 2864 513 2949 qualia
526 2865 636 2930 futura
652 2881 752 2939 erant,
765 2863 843 2929 dum
858 2863 968 2928 eadem
984 2863 1034 2928 sui
1048 2878 1165 2930 natura
1178 2878 1284 2933 certus

329 2989 393 3030 non
416 2967 485 3030 fixit
511 2978 654 3042 eventus,
670 2967 795 3029 valeant
819 2986 883 3027 non
907 2964 1016 3032 fuisse.
1055 2967 1187 3031 Talium
1210 2990 1285 3037 vero

330 3065 522 3132 clauduntur
543 3065 667 3131 ambitu
689 3069 808 3145 omnia,
822 3088 896 3152 quae
918 3067 1140 3153 cujuscunque
1161 3068 1286 3153 generis

331 3167 522 3233 imminentis
542 3167 754 3253 appellatione
776 3166 983 3245 clauduntur,
1005 3167 1078 3232 licet
1099 3168 1286 3237 familiarius

331 3269 371 3333 ad
388 3269 612 3354 quantitatem,
627 3283 683 3334 aut
699 3268 740 3333 ad
755 3269 890 3357 aliquid,
900 3280 957 3333 aut
972 3270 1014 3334 ad
1030 3270 1196 3357 quodlibet
1211 3272 1287 3337 alio-

333 3393 405 3435 rum
420 3371 608 3437 naturaliter
623 3371 833 3459 applicentur.
864 3369 951 3448 Quid
963 3394 1040 3457 ergo
1055 3372 1181 3451 mirum,
1193 3374 1219 3439 si
1233 3374 1288 3440 ille

334 3473 392 3559 qui
413 3474 519 3536 omnia
541 3486 658 3560 potest,
681 3486 714 3538 et
735 3496 810 3559 quae
832 3472 996 3557 praevidit,
1018 3495 1082 3537 non
1103 3475 1287 3559 praevidisse

331 3584 455 3657 potest3
479 3595 579 3657 quum
594 3585 716 3638 constet
728 3572 803 3635 fidei
815 3571 904 3657 quod
919 3582 958 3636 ea
973 3596 1045 3658 quae
1060 3578 1199 3658 praevisa
1210 3589 1285 3641 sunt

330 3696 394 3738 non
408 3675 535 3739 evenire
556 3686 703 3760 possunt,
721 3685 753 3738 et
776 3695 851 3757 quac
871 3695 934 3736 non
957 3675 1093 3760 praevisa
1114 3688 1200 3757 sunt,
1214 3700 1288 3762 pos-

332 3790 405 3841 sunt
420 3776 558 3855 evenire,
568 3799 626 3840 nec
641 3789 746 3840 tamen
762 3774 843 3839 citra
857 3786 1062 3859 conspectum
1077 3776 1287 3861 providentias

334 3878 459 3942 valeant
490 3878 625 3941 evenire.
682 3879 742 3941 Ait
772 3876 857 3941 enim
885 3877 1019 3941 Esaias:
1060 3877 1094 3940 Si
1125 3877 1288 3942 volueritis

333 3980 497 4043 ambulare
518 3980 552 4042 in
575 3977 744 4064 praeceptis
768 3979 859 4055 meis,
878 3989 911 4042 et
934 3975 1099 4042 audieritis
1124 4002 1185 4059 me,
1205 3979 1289 4043 bona

319 4084 427 4146 'terrae
450 4080 632 4147 comedetis.
676 4078 773 4154 Quod
794 4078 821 4143 si
842 4076 1020 4154 nolueritis,
1041 4090 1073 4143 et
1092 4101 1143 4141 me
1164 4078 1205 4142 ad
1228 4080 1288 4143 ira-

334 4182 497 4246 cundiam
512 4180 759 4256 concitaveritis,
777 4178 906 4263 gladius
932 4177 1101 4241 devorabit
1123 4202 1190 4255 vos,
1212 4178 1289 4264 quia

340 4301 376 4343 os
390 4281 519 4345 Domini
535 4280 675 4345 locutum
700 4291 757 4344 est.
803 4282 888 4342 Ecce
904 4278 980 4361 quia
1000 4277 1136 4341 liberum
1159 4276 1211 4341 hic
1226 4300 1289 4344 ser·
