3384 5234
306 677 376 723 cna.
393 658 453 739 1v.]
658 673 912 718 aorucanmcus
1196 660 1259 718 273

305 829 454 903 domitor,
467 824 633 903 Hercules,
644 824 701 909 qui
714 847 750 888 eo
765 825 876 910 ipsein
893 847 925 887 se
934 824 957 887 J
959 845 1049 886 ovem
1062 835 1256 909 protestatus

305 941 365 1005 est,
379 927 466 1014 quod
482 948 603 1010 angues
622 925 786 1011 jugulavit
806 923 837 987 in
860 923 959 988 cunis.
1003 926 1070 988 Aut
1091 921 1204 1002 officio,
1219 937 1256 986 ut

305 1031 482 1117 pontifices,
496 1027 726 1115 praefectosque
750 1048 921 1092 sacrorum.
967 1030 1034 1090 Aut
1054 1024 1206 1102 moribus,
1221 1038 1259 1089 ut

305 1132 523 1219 philosophos,
534 1129 591 1216 qui
603 1128 716 1192 mentis
725 1127 842 1192 divinae
855 1128 1005 1192 haustum
1015 1127 1258 1211 investigatione

304 1246 337 1300 et
350 1234 583 1320 dispensatione
603 1230 765 1317 sapientiae
785 1229 938 1295 indicant.
982 1234 1047 1295 Aut
1067 1228 1259 1304 conditione,

305 1347 342 1399 ut
367 1358 449 1422 quos
469 1334 557 1398 favor
580 1331 718 1396 numinis
733 1330 861 1408 extulit,
877 1343 912 1396 ut
934 1329 1003 1393 aliis
1022 1341 1203 1415 praeessent,
1219 1350 1258 1391 ex

309 1460 405 1502 causa
419 1435 527 1523 potius
542 1433 700 1513 familiari,
715 1456 811 1519 quam
834 1431 937 1495 officio
959 1432 1100 1518 publice.
1149 1434 1260 1496 Sermo

309 1537 440 1623 quidem
467 1536 610 1622 perfidus
635 1548 694 1614 est,
719 1548 750 1598 et
775 1534 862 1598 omni
888 1533 1108 1620 reprobatione
1133 1533 1260 1618 dignus,

310 1662 484 1725 sensusque
512 1638 695 1714 verborum,
722 1636 779 1724 qui
809 1636 1040 1720 Philosophum
1069 1658 1130 1700 non
1161 1637 1261 1702 decet.

311 1741 374 1804 Sed
389 1742 472 1805 forte
487 1740 568 1827 quid
584 1741 623 1804 de
640 1752 754 1805 natura
767 1740 908 1803 Deorum
925 1739 1067 1816 sentiret,
1082 1739 1113 1803 in
1130 1740 1262 1803 arrribus

310 1842 454 1929 corrupti
479 1841 591 1928 populi
616 1840 764 1927 proloqui
794 1863 857 1903 non
884 1841 1034 1919 audebat,
1062 1840 1118 1926 qui
1143 1841 1263 1926 legerat

310 1945 497 2008 combustos
508 1966 574 2007 esse
586 1943 683 2006 libros
696 1942 882 2028 Philosophi
896 1942 1101 2028 Pythagora,
1110 1955 1141 2006 et
1157 1942 1263 2029 ipsum

311 2058 419 2109 actum
449 2068 516 2109 esse
545 2045 578 2109 in
604 2044 734 2109 exilium
765 2044 806 2109 ab
832 2044 1089 2121 Atheniensibus,
1114 2069 1151 2108 eo
1176 2046 1263 2131 quod

311 2146 526 2223 dubitaverat,
542 2170 582 2210 an
603 2147 643 2211 de
666 2146 726 2210 diis
742 2169 816 2209 vera
837 2160 951 2226 essent,
967 2170 1039 2232 quae
1062 2146 1160 2232 vulgo
1182 2148 1265 2212 dice-

311 2249 439 2316 bantur.
486 2249 570 2327 Quid
593 2272 670 2335 ergo
685 2248 877 2313 contrarium
900 2248 1031 2314 auderet
1046 2272 1192 2331 asserere,
1207 2251 1264 2336 qui

312 2373 368 2414 nec
390 2351 490 2437 ipsam
507 2350 739 2417 dubitationem
763 2350 878 2412 erroris
898 2362 1029 2413 noverat
1052 2350 1264 2435 impunitam?

312 2465 358 2517 est
371 2452 479 2539 itaque
495 2452 666 2516 verisimile
678 2450 766 2535 quod
778 2472 897 2512 morem
910 2450 1112 2514 auditoribus
1122 2454 1266 2535 gesserit,

312 2566 343 2619 et
361 2567 397 2618 ut
408 2577 461 2617 eos
472 2556 513 2618 ab
529 2553 646 2617 illicitis
657 2564 829 2625 revocaret,
841 2550 964 2635 aliquid
977 2550 1144 2615 indulsisse
1155 2556 1265 2618 errori.

258 2715 262 2723 .
315 2657 397 2718 Nam
413 2656 445 2718 iu
462 2654 607 2719 doctrina
621 2674 755 2728 morum,
773 2650 1042 2716 luculentissimus
1056 2664 1112 2716 est.
1153 2656 1266 2742 quue

313 2756 389 2820 huic
404 2754 544 2840 opinioni
559 2753 684 2818 facilius
703 2753 880 2839 acquiesco,
895 2752 982 2838 quod
998 2757 1170 2838 Apostolus
1190 2780 1267 2842 gen-

314 2860 407 2934 tium,
420 2856 483 2919 fide
499 2848 603 2920 tanien
620 2868 651 2919 et
663 2854 814 2940 religione
829 2853 991 2935 incolumi,
1002 2856 1151 2920 omnibus
1161 2861 1268 2924 omnia

314 2958 419 3022 factus
433 2972 491 3037 est,
508 2971 544 3022 ut
564 2980 672 3022 omnes
688 2957 898 3023 lucrifaceret.
945 2961 1012 3021 Nos
1027 2971 1133 3022 autem
1149 2960 1268 3045 quibus

315 3061 355 3124 de
378 3059 459 3126 coelo
482 3062 598 3124 veritas
619 3060 739 3137 illuxit,
755 3082 817 3124 non
840 3060 987 3138 deorum,
1003 3060 1057 3145 qui
1080 3059 1159 3125 nulli
1182 3078 1267 3138 sunt,

315 3163 368 3227 sed
386 3163 453 3226 veri
466 3162 527 3226 Dei
544 3162 705 3241 ministris,
720 3175 752 3228 et
768 3162 1043 3248 amicis,magnam
1061 3166 1266 3231 reverentiam

315 3264 474 3329 credimus
489 3264 701 3328 exhibendam
714 3291 723 3346 3
746 3264 801 3329 sed
816 3276 849 3328 et
864 3264 998 3328 inimicis
1013 3265 1039 3352 ej
1046 3288 1081 3329 us
1095 3265 1267 3346 interdum,

316 3367 467 3452 quoniam
489 3366 549 3430 hoc
572 3366 639 3453 ipse
661 3367 826 3454 praecepit,
848 3367 905 3453 qui
928 3389 1011 3452 saepe
1035 3368 1203 3432 maximam
1227 3371 1268 3434 ad

315 3467 527 3532 eruditionem
544 3489 686 3548 suorum,
701 3467 846 3554 pessimis
861 3468 1043 3533 hominibus
1064 3470 1198 3535 contulit
1214 3495 1270 3557 po-

316 3582 474 3635 testatem.
514 3570 608 3636 Unde
623 3570 722 3636 illud:
745 3570 890 3656 Subjecti
905 3581 1005 3636 estote
1021 3572 1108 3635 omni
1122 3573 1270 3639 humanae

317 3686 473 3737 creaturae
489 3685 622 3760 propter
642 3676 759 3750 Deum,
776 3676 845 3738 sive
867 3673 945 3759 regi,
960 3673 1050 3760 quasi
1067 3677 1271 3760 praecellenti,

318 3772 383 3836 sive
406 3772 555 3853 ducibus,
582 3787 734 3860 tanquam
761 3775 802 3839 ab
832 3798 871 3837 eo
899 3773 1002 3838 missis
1030 3774 1071 3838 ad
1099 3775 1270 3843 vindictam

317 3874 568 3956 malefactorum,
580 3876 706 3941 laudem
719 3899 793 3941 vero
803 3877 971 3941 benorum.
1001 3878 1046 3941 Et
1059 3875 1154 3943 illud:
1180 3880 1271 3945 Servi

318 3976 439 4041 subditi
461 3990 562 4043 estote
585 3978 730 4043 Dominis
752 3978 877 4059 vestris,
890 4000 953 4041 non
974 3990 1098 4043 tantum
1123 3981 1215 4045 bonis
1238 3996 1269 4046 et

317 4077 480 4156 modestis,
493 4079 547 4143 sed
562 4080 656 4143 etiam
669 4081 817 4166 dyscolis.
848 4079 949 4145 Amici
963 4080 1091 4166 quidem
1106 4082 1187 4147 fiunt
1198 4086 1270 4164 Dei,

319 4192 375 4243 aut
383 4181 497 4264 gratia,
508 4182 705 4246 cessantibus
717 4182 847 4262 meritis,
858 4195 896 4245 ut
907 4182 1096 4260 Hieremias,
1106 4197 1137 4248 et
1148 4186 1171 4247 J
1173 4186 1271 4249 ohan·

320 4302 374 4343 nes
391 4282 576 4347 sanctificati
592 4296 762 4367 antequam
784 4283 863 4359 nati,
878 4294 910 4345 ct
930 4305 1055 4366 gemma
1073 4285 1271 4352 sacerdotum

362 4401 433 4445 voa.
450 4401 501 4445 111.
786 4398 828 4447 r‘
